2902 4928
178 357 268 405 XVlH
641 313 882 407 ,Punnnanlos

178 518 260 581 aeia,
285 517 434 582 noticiam,
455 516 589 588 paciaris
603 520 645 572 'et
667 518 787 584 tenatta,
811 515 917 583 sauna,
940 512 1055 570 solata.
1087 512 1239 590 tsomper
1254 502 1326 565 fere

179 619 250 684 loeo
276 643 297 700 y
326 618 456 683 litterae
484 618 620 703 legitur,
654 621 718 683 nisi
748 619 835 706 quod
863 616 962 681 seinel
990 621 1138 694 trebatio
1166 615 1324 698 seriptum
1350 641 1354 649 κ

183 740 242 793 est.
287 728 388 792 Haud
417 751 490 792 raro
519 735 531 791 ε’
557 739 588 792 et
613 751 635 808 a
661 739 806 793 mutatae
833 736 908 792 sunt
936 726 984 810 (I,
1008 727 1043 808 2,
1069 725 1129 789 100
1151 745 1271 804 aeroas,
1296 723 1325 805 Ι,

178 840 219 921 6,
241 840 283 903 42
311 839 445 922 taaecta)
482 839 569 924 quod
603 837 691 903 idem
723 841 759 903 in
785 837 895 902 codiee
922 836 1088 923 Lipsiensi
1121 856 1204 898 saee.
1235 831 1326 896 XIII

178 945 481 1012 animaduertimus.
526 948 623 1013 Addo
640 972 713 1012 eum
729 948 982 1032 Hamburgensi⁴
996 946 1180 1031 conspirare
1196 945 1325 1027 Argeas

178 1067 375 1122 toratensem
397 1059 431 1120 in
453 1058 504 1121 his
527 1057 595 1121 fere
617 1059 749 1122 formis:
778 1066 943 1140 incolomis,
967 1061 1121 1121 ineundus.

218 1222 227 1233 .
264 1167 419 1232 Codicem
442 1190 484 1230 ex
506 1167 590 1232 libro
613 1171 845 1256 transcriptum
862 1190 931 1230 esse
947 1168 1039 1230 euius
1056 1155 1216 1250 scriptura
1239 1172 1327 1226 esset

179 1276 318 1340 uncialis
342 1300 444 1363 eaque
467 1280 619 1342 continua
642 1289 710 1343 tum
733 1277 881 1365 plurimis
904 1277 1015 1340 uerbis
1039 1297 1121 1361 quae
1143 1296 1209 1337 non
1232 1282 1328 1335 erant

180 1387 406 1471 coniungenda
434 1388 675 1452 demonstratur
703 1389 902 1471 eoniunetiS,
930 1397 1000 1451 tum
1027 1385 1209 1449 litterarum
1238 1405 1326 1447 eom-

179 1497 414 1561 mutationibus
438 1520 522 1584 quae
544 1498 621 1562 inde
642 1507 849 1585 repetuntur:
879 1496 969 1560 uelut
992 1497 1010 1559 h
1035 1504 1067 1558 et
1089 1518 1128 1578 n,
1153 1495 1172 1557 h
1196 1503 1228 1557 et
1251 1493 1288 1575 b,
1315 1495 1327 1556 i

180 1605 264 1689 etl,
287 1630 302 1670 s
326 1616 358 1670 et
379 1609 409 1690 i,
433 1630 450 1671 e
474 1618 506 1671 et
528 1631 563 1690 0,
588 1630 605 1671 e
628 1617 660 1671 et
682 1610 694 1671 i
717 1608 772 1671 hie
793 1603 1136 1673 illie'eonfunduntur.
1405 1592 1410 1599 ⁸

264 1717 376 1781 Verba
391 1709 540 1804 ipsa,‘ad
564 1741 646 1804 quae
673 1720 859 1800 transimus,
884 1717 1129 1801 Hamburgensi
1151 1714 1234 1777 libro
1257 1723 1328 1777 tam

179 1836 256 1891 sunt
278 1827 397 1891 similia
403 1837 479 1910 „ut
505 1829 570 1892 nisi
593 1828 634 1892 de
657 1827 1017 1915 Constantinopolitano
1037 1826 1121 1891 -libri
1149 1834 1222 1888 ortu
1250 1846 1326 1888 eon-

180 1948 266 2002 sta-re
288 1937 470 2020 uideretur,
499 1960 541 2001 ex
568 1936 625 2002 illo
649 1962 722 2002 eum
745 1939 930 2001 deriuatum
952 1958 1024 2000 esse
1046 1935 1142 1999 facile
1165 1935 1326 2000 crederes.

180 2048 327 2110 Primum
349 2047 427 2110 uide
449 2070 593 2112 errorum
616 2070 824 2113 eonsensum:
848 2046 876 2130 Ι,
899 2048 966 2129 5,6
989 2061 1021 2112 ut
1041 2057 1181 2125 eapeaat
1201 2052 1271 2109 attio
1293 2045 1327 2106 A

179 2169 212 2219 at
233 2169 380 2235 eapeaat
400 2164 509 2220 uictum
532 2158 560 2220 B
604 2157 632 2240 Ι,
657 2159 696 2240 7,
709 2159 752 2222 44
772 2164 924 2222 stultitiam
938 2196 980 2206 —
994 2177 1090 2220 meam
1112 2157 1143 2220 A
1165 2161 1327 2220 stulticiam

183 2305 219 2312 —
236 2272 312 2330 mea'
333 2266 362 2329 B
405 2267 437 2348 Ι,
461 2269 489 2349 1,
516 2268 556 2332 15
574 2271 731 2346 fruatsera
752 2275 892 2332 sentimus
914 2274 1032 2332 inutiles
1054 2271 1149 2330 terte
1172 2267 1203 2330 A
1221 2269 1327 2343 fruat-

177 2381 283 2467 ferum,
302 2384 444 2440 sentimus
465 2384 583 2441 inutiles
605 2382 700 2441 terte
721 2377 750 2440 B
793 2376 840 2460 ΙΙ,
859 2378 938 2462 1,16
953 2398 1057 2442 nomeu
1073 2376 1134 2440 AB
1177 2375 1224 2457 ΙΙ,
1240 2375 1270 2457 2,
1284 2375 1326 2439 77

178 2480 282 2565 penas
295 2492 375 2549 atae
396 2494 502 2565 quietis
523 2488 555 2550 A
580 2508 673 2567 penas
700 2493 780 2551 adde
802 2495 906 2566 quietis
928 2487 956 2549 Β
1010 2487 1063 2568 ΙΙ,
1087 2488 1123 2568 3,
1146 2486 1186 2549 51
1209 2491 1328 2548 resistes

179 2595 241 2658 AB
283 2595 330 2677 ΙΙ,
355 2597 384 2676 7,
401 2597 441 2660 66
464 2618 526 2660 asse
548 2604 620 2661 dari
640 2597 701 2661 AB
724 2597 791 2679 ΙΙ,
807 2598 839 2680 4,
857 2598 896 2662 16
917 2596 1129 2675 reaaattsAB
1173 2595 1219 2676 ΙΙ,
1236 2595 1266 2676 8,
1282 2596 1325 2658 51

179 2727 253 2769 rure
274 2704 334 2768 AB
378 2704 430 2788 ΙΙ,
453 2707 491 2788 6,
513 2707 555 2771 23
574 2712 720 2784 fortunae
742 2713 887 2772 accedere
908 2708 984 2770 AB:
1031 2705 1149 2770 deinde
1171 2705 1247 2768 uide
1269 2727 1326 2766 ue-

178 2837 289 2878 rorum
311 2836 504 2879 eonsensum
526 2815 577 2880 his
600 2815 696 2881 loeis:
747 2817 775 2900 Ι,
791 2818 828 2900 2,
851 2817 872 2882 5
894 2838 1025 2895 quaeras
1067 2817 1155 2898 4,19
1177 2823 1326 2878 matarum

178 2925 216 3007 4,
239 2924 282 2987 42
303 2946 387 2988 amar
429 2926 525 3008 5,10
545 2939 652 2991 eaaeta
694 2927 794 3008 5,,67
818 2929 874 3006 a'uo
896 2933 970 2990 mitt
1011 2927 1047 3008 6,
1072 2928 1111 2990 13
1134 2932 1189 2991 hoe
1211 2945 1326 3005 auoque

178 3039 325 3112 fortunae
368 3036 399 3118 6,
415 3036 455 3098 21
479 3048 572 3100 tutum
616 3036 647 3119 6,
663 3038 705 3102 43
727 3021 858 3116 quiaque
876 3041 958 3113 facts
1002 3037 1069 3118 7,’8
1091 3042 1201 3100 tabere
1222 3042 1325 3099 ttaltut.

180 3145 331 3232 Oonpara
358 3167 453 3233 porro
483 3147 653 3233 utriusque
681 3146 758 3211 libri
785 3146 939 3211 lectiones
969 3147 1015 3209 eis
1045 3145 1123 3210 loeis
1154 3145 1271 3232 quibus
1295 3146 1324 3207 B

715 3261 765 3311 tea
1173 3263 1240 3308 tuan
1259 3261 1326 3308 Paos

179 3333 341 3389 correctus
359 3334 423 3389 est:
448 3325 475 3407 I,
488 3327 519 3408 6,
529 3327 566 3388 11
582 3346 649 3389 eum
665 3326 697 3390 A
712 3347 772 3405 qua
787 3325 815 3387 B
859 3325 889 3407 I,
905 3325 965 3407 t,9
980 3345 1039 3387 aaa
1054 3332 1127 3388 satis
1142 3326 1174 3388 A
1190 3331 1240 3388 eut
1253 3331 1326 3387 satis

179 3476 222 3539 B-
252 3476 281 3559 I,
297 3478 327 3558 8,
345 3478 383 3539 11
406 3483 524 3556 caspios
546 3487 660 3555 aeatsos
681 3479 712 3540 A
734 3429 855 3556 carpitis
877 3429 1010 3557 aequatis
1030 3477 1059 3539 Β
1102 3477 1135 3560 Ι,
1152 3478 1187 3560 8,
1204 3478 1245 3542 32
1268 3499 1323 3542 ea-

180 3655 233 3721 rat
254 3644 286 3707 A
308 3597 385 3708 elira
406 3645 435 3707 Β
478 3645 507 3728 I,
530 3646 561 3727 8,
584 3646 729 3725 asopus
751 3648 783 3710 A
805 3598 889 3729 optaes
912 3647 939 3709 B
982 3646 1028 3729 ΙΙ,
1051 3647 1082 3730 2,
1098 3648 1141 3712 50
1162 3669 1178 3711 a
1200 3653 1273 3712 milti
1292 3649 1325 3710 A

179 3764 208 3876 it
227 3817 302 3877 milti
320 3813 349 3876 B
393 3813 440 3895 ΙΙ,
459 3814 507 3896 10,
524 3815 566 3878 40
588 3836 729 3894 equoreas
743 3817 775 3879 A
797 3769 940 3894 equareaos
961 3817 1000 3880 B.
1044 3820 1090 3881 At
1112 3818 1162 3882 his
1186 3827 1217 3881 et
1238 3817 1322 3901 aliis,

180 3945 263 4010 quae
285 3946 349 3988 uno
372 3945 414 3988 ex
435 3923 526 3988 fonte
547 3927 579 3988 A
602 3934 633 3993 et
655 3926 686 3988 B
705 3948 857 3990 manasse
884 3949 984 4014 prope
1012 3929 1161 3992 euincere
1189 3928 1322 3991 uidean-

178 4044 247 4117 tur,
271 4035 417 4118 obstant,
442 4056 523 4121 quae
545 4034 704 4100 latissimo
726 4038 831 4124 spatio
854 4037 956 4104 libros
978 4039 1064 4102 inter
1086 4059 1119 4099 se
1143 4038 1323 4103 disiunctos
1371 4052 1373 4057 '

179 4165 251 4207 esse
266 4145 481 4231 conprobent3
496 4147 637 4234 primum
652 4169 766 4212 uersus
782 4149 969 4236 interpolati
986 4148 1031 4229 II,
1042 4147 1073 4229 2,
1087 4148 1106 4212 8
1122 4157 1154 4211 et
1167 4148 1199 4232 2,
1212 4150 1321 4234 33sq,

178 4264 248 4318 tum
264 4254 465 4340 singulorum
480 4257 656 4322 uerborum
670 4259 843 4322 temeraria
857 4258 1039 4343 friuolaque
1051 4260 1196 4322 mutatio.
1221 4259 1323 4323 Cuius

179 4365 396 4453 corruptionis
419 4365 499 4430 haee
521 4378 634 4433 notare
657 4369 748 4433 lubet
771 4368 935 4455 exempla:
960 4367 1005 4449 II,
1020 4368 1052 4448 2,
1064 4369 1105 4432 37
1121 4376 1184 4433 alas
1198 4369 1230 4432 A
1246 4391 1323 4433 anas
