<?xml version="1.0" encoding="UTF-8"?>
<!DOCTYPE html PUBLIC "-//W3C//DTD XHTML 1.0 Transitional//EN"
    "http://www.w3.org/TR/xhtml1/DTD/xhtml1-transitional.dtd">
<html xmlns="http://www.w3.org/1999/xhtml" xml:lang="en" lang="en">
 <head>
  <title>
</title>
<meta http-equiv="Content-Type" content="text/html;charset=utf-8" />
  <meta name='ocr-system' content='tesseract 3.04.00' />
  <meta name='ocr-capabilities' content='ocr_page ocr_carea ocr_par ocr_line ocrx_word'/>
</head>
<body>
  <div class='ocr_page' id='page_1' title='image "./povidiinasonise03ovidgoog_0024.png"; bbox 0 0 2916 4926; ppageno 0'>
   <div class='ocr_carea' id='block_1_1' title="bbox 155 386 833 437">
    <p class='ocr_par' dir='ltr' id='par_1_1' title="bbox 155 386 833 437">
     <span class='ocr_line' id='line_1_1' title="bbox 155 386 833 437; baseline 0 -1"><span class='ocrx_word' id='word_1_1' title='bbox 155 388 217 436; x_wconf 87' lang='lat' dir='ltr'>XIV</span> <span class='ocrx_word' id='word_1_2' title='bbox 622 386 833 437; x_wconf 79' lang='lat' dir='ltr'><strong>PRAEFATIO.</strong></span> 
     </span>
    </p>
   </div>
   <div class='ocr_carea' id='block_1_2' title="bbox 83 541 1356 4157">
    <p class='ocr_par' dir='ltr' id='par_1_2' title="bbox 83 541 1302 1927">
     <span class='ocr_line' id='line_1_2' title="bbox 154 541 1298 629; baseline 0.005 -24"><span class='ocrx_word' id='word_1_3' title='bbox 154 542 396 624; x_wconf 89' lang='lat' dir='ltr'>hexametrum,</span> <span class='ocrx_word' id='word_1_4' title='bbox 425 543 460 604; x_wconf 91' lang='lat' dir='ltr'>in</span> <span class='ocrx_word' id='word_1_5' title='bbox 483 541 637 606; x_wconf 77' lang='lat' dir='ltr'>Gudiano</span> <span class='ocrx_word' id='word_1_6' title='bbox 667 543 780 616; x_wconf 66' lang='lat' dir='ltr'>mdice</span> <span class='ocrx_word' id='word_1_7' title='bbox 802 541 1022 629; x_wconf 83' lang='lat' dir='ltr'>l’olitianique</span> <span class='ocrx_word' id='word_1_8' title='bbox 1046 544 1176 609; x_wconf 91' lang='lat' dir='ltr'>schedis</span> <span class='ocrx_word' id='word_1_9' title='bbox 1200 546 1298 611; x_wconf 87' lang='lat' dir='ltr'>tradi-</span> 
     </span>
     <span class='ocr_line' id='line_1_3' title="bbox 154 652 1299 740; baseline 0.005 -26"><span class='ocrx_word' id='word_1_10' title='bbox 154 662 232 716; x_wconf 91' lang='lat' dir='ltr'>tum.</span> <span class='ocrx_word' id='word_1_11' title='bbox 264 653 471 737; x_wconf 75' lang='lat' dir='ltr'>Quamquam</span> <span class='ocrx_word' id='word_1_12' title='bbox 486 674 527 714; x_wconf 93' lang='lat' dir='ltr'>ne</span> <span class='ocrx_word' id='word_1_13' title='bbox 551 674 623 715; x_wconf 91' lang='lat' dir='ltr'>eum</span> <span class='ocrx_word' id='word_1_14' title='bbox 646 652 777 738; x_wconf 90' lang='lat' dir='ltr'>quidem</span> <span class='ocrx_word' id='word_1_15' title='bbox 800 653 971 738; x_wconf 90' lang='lat' dir='ltr'>probabis,</span> <span class='ocrx_word' id='word_1_16' title='bbox 989 657 1016 717; x_wconf 92' lang='lat' dir='ltr'>si</span> <span class='ocrx_word' id='word_1_17' title='bbox 1033 654 1137 740; x_wconf 90' lang='lat' dir='ltr'>qualis</span> <span class='ocrx_word' id='word_1_18' title='bbox 1162 658 1205 720; x_wconf 90' lang='lat' dir='ltr'>sit</span> <span class='ocrx_word' id='word_1_19' title='bbox 1228 681 1299 720; x_wconf 90' lang='lat' dir='ltr'>scn-</span> 
     </span>
     <span class='ocr_line' id='line_1_4' title="bbox 154 762 1301 850; baseline 0.004 -25"><span class='ocrx_word' id='word_1_20' title='bbox 154 765 328 826; x_wconf 89' lang='lat' dir='ltr'>tentiarum</span> <span class='ocrx_word' id='word_1_21' title='bbox 344 762 423 825; x_wconf 93' lang='lat' dir='ltr'>ordo</span> <span class='ocrx_word' id='word_1_22' title='bbox 438 764 641 848; x_wconf 72' lang='lat' dir='ltr'>respexeris:</span> <span class='ocrx_word' id='word_1_23' title='bbox 677 763 761 825; x_wconf 88' lang='lat' dir='ltr'>Nam</span> <span class='ocrx_word' id='word_1_24' title='bbox 785 786 858 826; x_wconf 91' lang='lat' dir='ltr'>cum</span> <span class='ocrx_word' id='word_1_25' title='bbox 880 767 1038 850; x_wconf 88' lang='lat' dir='ltr'>poematis</span> <span class='ocrx_word' id='word_1_26' title='bbox 1062 766 1138 827; x_wconf 91' lang='lat' dir='ltr'>inde</span> <span class='ocrx_word' id='word_1_27' title='bbox 1161 789 1180 828; x_wconf 90' lang='lat' dir='ltr'>a</span> <span class='ocrx_word' id='word_1_28' title='bbox 1202 768 1301 830; x_wconf 85' lang='lat' dir='ltr'>uersu</span> 
     </span>
     <span class='ocr_line' id='line_1_5' title="bbox 153 872 1299 960; baseline 0.003 -24"><span class='ocrx_word' id='word_1_29' title='bbox 153 875 302 936; x_wconf 74' lang='grc'>5711110</span> <span class='ocrx_word' id='word_1_30' title='bbox 326 895 363 934; x_wconf 90' lang='lat' dir='ltr'>ea</span> <span class='ocrx_word' id='word_1_31' title='bbox 386 874 444 953; x_wconf 90' lang='lat' dir='ltr'>sit,</span> <span class='ocrx_word' id='word_1_32' title='bbox 474 882 510 934; x_wconf 92' lang='lat' dir='ltr'>ut</span> <span class='ocrx_word' id='word_1_33' title='bbox 534 872 675 936; x_wconf 88' lang='lat' dir='ltr'>Ouidius</span> <span class='ocrx_word' id='word_1_34' title='bbox 704 874 864 957; x_wconf 89' lang='lat' dir='ltr'>quomodo</span> <span class='ocrx_word' id='word_1_35' title='bbox 892 875 962 937; x_wconf 90' lang='lat' dir='ltr'>fieri</span> <span class='ocrx_word' id='word_1_36' title='bbox 989 877 1130 960; x_wconf 88' lang='lat' dir='ltr'>potuerit</span> <span class='ocrx_word' id='word_1_37' title='bbox 1153 888 1299 960; x_wconf 90' lang='lat' dir='ltr'>quaerat,</span> 
     </span>
     <span class='ocr_line' id='line_1_6' title="bbox 154 981 1300 1068; baseline 0.004 -24"><span class='ocrx_word' id='word_1_38' title='bbox 154 993 189 1045; x_wconf 91' lang='lat' dir='ltr'>ut</span> <span class='ocrx_word' id='word_1_39' title='bbox 213 984 316 1068; x_wconf 89' lang='lat' dir='ltr'>ipsius</span> <span class='ocrx_word' id='word_1_40' title='bbox 340 985 484 1045; x_wconf 86' lang='lat' dir='ltr'>carmina</span> <span class='ocrx_word' id='word_1_41' title='bbox 513 981 630 1046; x_wconf 82' lang='lat' dir='ltr'>Salano</span> <span class='ocrx_word' id='word_1_42' title='bbox 659 983 851 1067; x_wconf 76' lang='lat' dir='ltr'><strong>probentur,</strong></span> <span class='ocrx_word' id='word_1_43' title='bbox 884 984 1032 1048; x_wconf 88' lang='lat' dir='ltr'>versibus</span> <span class='ocrx_word' id='word_1_44' title='bbox 1055 986 1105 1049; x_wconf 80' lang='grc'>65.</span> <span class='ocrx_word' id='word_1_45' title='bbox 1130 986 1170 1049; x_wconf 91' lang='grc'>66</span> <span class='ocrx_word' id='word_1_46' title='bbox 1194 996 1225 1048; x_wconf 90' lang='grc'>01</span> <span class='ocrx_word' id='word_1_47' title='bbox 1247 988 1300 1049; x_wconf 70' lang='lat' dir='ltr'>bt).</span> 
     </span>
     <span class='ocr_line' id='line_1_7' title="bbox 154 1093 1298 1173; baseline 0 -17"><span class='ocrx_word' id='word_1_48' title='bbox 154 1093 195 1157; x_wconf 80' lang='lat'>70</span> <span class='ocrx_word' id='word_1_49' title='bbox 218 1114 254 1155; x_wconf 92' lang='grc'>00</span> <span class='ocrx_word' id='word_1_50' title='bbox 275 1093 495 1173; x_wconf 87' lang='lat' dir='ltr'>res-ducitur,</span> <span class='ocrx_word' id='word_1_51' title='bbox 526 1093 618 1155; x_wconf 91' lang='lat' dir='ltr'>utin</span> <span class='ocrx_word' id='word_1_52' title='bbox 642 1095 820 1156; x_wconf 82' lang='lat' dir='ltr'>carminum</span> <span class='ocrx_word' id='word_1_53' title='bbox 847 1093 957 1157; x_wconf 91' lang='lat' dir='ltr'>indole</span> <span class='ocrx_word' id='word_1_54' title='bbox 984 1096 1125 1158; x_wconf 88' lang='lat' dir='ltr'>oratoria</span> <span class='ocrx_word' id='word_1_55' title='bbox 1152 1117 1298 1158; x_wconf 82' lang='lat' dir='ltr'>caussam</span> 
     </span>
     <span class='ocr_line' id='line_1_8' title="bbox 153 1202 1299 1290; baseline 0.002 -26"><span class='ocrx_word' id='word_1_56' title='bbox 153 1202 275 1266; x_wconf 84' lang='lat' dir='ltr'>fauoris</span> <span class='ocrx_word' id='word_1_57' title='bbox 308 1224 342 1266; x_wconf 87' lang='lat' dir='ltr'>se</span> <span class='ocrx_word' id='word_1_58' title='bbox 370 1203 553 1288; x_wconf 81' lang='lat' dir='ltr'>repperisse</span> <span class='ocrx_word' id='word_1_59' title='bbox 584 1213 679 1289; x_wconf 89' lang='lat' dir='ltr'>poeta</span> <span class='ocrx_word' id='word_1_60' title='bbox 707 1203 880 1267; x_wconf 80' lang='lat' dir='ltr'>fateatur·</span> <span class='ocrx_word' id='word_1_61' title='bbox 904 1202 1002 1282; x_wconf 81' lang='lat' dir='ltr'>Quod</span> <span class='ocrx_word' id='word_1_62' title='bbox 1031 1227 1128 1290; x_wconf 91' lang='lat' dir='ltr'>quam</span> <span class='ocrx_word' id='word_1_63' title='bbox 1156 1207 1199 1267; x_wconf 89' lang='lat' dir='ltr'>sit</span> <span class='ocrx_word' id='word_1_64' title='bbox 1228 1227 1299 1266; x_wconf 91' lang='lat' dir='ltr'>eum</span> 
     </span>
     <span class='ocr_line' id='line_1_9' title="bbox 153 1312 1300 1399; baseline 0.001 -23"><span class='ocrx_word' id='word_1_65' title='bbox 153 1314 260 1398; x_wconf 91' lang='lat' dir='ltr'>poesis</span> <span class='ocrx_word' id='word_1_66' title='bbox 289 1315 399 1397; x_wconf 81' lang='lat' dir='ltr'>generi</span> <span class='ocrx_word' id='word_1_67' title='bbox 430 1314 474 1394; x_wconf 91' lang='lat' dir='ltr'>ei,</span> <span class='ocrx_word' id='word_1_68' title='bbox 504 1313 590 1397; x_wconf 92' lang='lat' dir='ltr'>quod</span> <span class='ocrx_word' id='word_1_69' title='bbox 614 1313 753 1377; x_wconf 89' lang='lat' dir='ltr'>Ouidius</span> <span class='ocrx_word' id='word_1_70' title='bbox 777 1312 854 1376; x_wconf 91' lang='lat' dir='ltr'>exul</span> <span class='ocrx_word' id='word_1_71' title='bbox 883 1312 998 1394; x_wconf 90' lang='lat' dir='ltr'>coluit,</span> <span class='ocrx_word' id='word_1_72' title='bbox 1027 1324 1096 1378; x_wconf 90' lang='lat' dir='ltr'>tum</span> <span class='ocrx_word' id='word_1_73' title='bbox 1124 1316 1227 1399; x_wconf 89' lang='lat' dir='ltr'>ipsius</span> <span class='ocrx_word' id='word_1_74' title='bbox 1252 1316 1300 1377; x_wconf 90' lang='lat' dir='ltr'>in-</span> 
     </span>
     <span class='ocr_line' id='line_1_10' title="bbox 83 1421 1298 1508; baseline 0.001 -23"><span class='ocrx_word' id='word_1_75' title='bbox 83 1461 103 1471; x_wconf 57' lang='lat'>&gt;·</span> <span class='ocrx_word' id='word_1_76' title='bbox 154 1421 220 1486; x_wconf 91' lang='lat' dir='ltr'>doli</span> <span class='ocrx_word' id='word_1_77' title='bbox 243 1434 510 1505; x_wconf 89' lang='lat' dir='ltr'>consentaneum,</span> <span class='ocrx_word' id='word_1_78' title='bbox 534 1445 600 1486; x_wconf 92' lang='lat' dir='ltr'>non</span> <span class='ocrx_word' id='word_1_79' title='bbox 623 1432 671 1486; x_wconf 89' lang='lat' dir='ltr'>est</span> <span class='ocrx_word' id='word_1_80' title='bbox 687 1422 774 1508; x_wconf 91' lang='lat' dir='ltr'>quod</span> <span class='ocrx_word' id='word_1_81' title='bbox 789 1434 967 1487; x_wconf 90' lang='lat' dir='ltr'>moneatur.</span> <span class='ocrx_word' id='word_1_82' title='bbox 1013 1425 1099 1487; x_wconf 84' lang='lat' dir='ltr'>Eum</span> <span class='ocrx_word' id='word_1_83' title='bbox 1113 1426 1298 1487; x_wconf 76' lang='lat' dir='ltr'>&#39;sententia-</span> 
     </span>
     <span class='ocr_line' id='line_1_11' title="bbox 153 1531 1301 1618; baseline 0 -23"><span class='ocrx_word' id='word_1_84' title='bbox 153 1556 226 1595; x_wconf 92' lang='lat' dir='ltr'>rum</span> <span class='ocrx_word' id='word_1_85' title='bbox 248 1555 372 1596; x_wconf 87' lang='lat' dir='ltr'>nexum</span> <span class='ocrx_word' id='word_1_86' title='bbox 395 1531 477 1595; x_wconf 92' lang='lat' dir='ltr'>illud</span> <span class='ocrx_word' id='word_1_87' title='bbox 501 1532 588 1618; x_wconf 92' lang='lat' dir='ltr'>quod</span> <span class='ocrx_word' id='word_1_88' title='bbox 610 1532 760 1596; x_wconf 88' lang='lat' dir='ltr'>uersibus</span> <span class='ocrx_word' id='word_1_89' title='bbox 772 1582 780 1614; x_wconf 89' lang='lat'>,</span> <span class='ocrx_word' id='word_1_90' title='bbox 809 1544 846 1596; x_wconf 94' lang='lat' dir='ltr'>ut</span> <span class='ocrx_word' id='word_1_91' title='bbox 867 1557 953 1597; x_wconf 90' lang='lat' dir='ltr'>nunc</span> <span class='ocrx_word' id='word_1_92' title='bbox 976 1545 1052 1597; x_wconf 92' lang='lat' dir='ltr'>sunt</span> <span class='ocrx_word' id='word_1_93' title='bbox 1060 1584 1069 1616; x_wconf 98' lang='lat'>,</span> <span class='ocrx_word' id='word_1_94' title='bbox 1093 1536 1143 1597; x_wconf 79' lang='lat'>67.</span> <span class='ocrx_word' id='word_1_95' title='bbox 1168 1536 1208 1598; x_wconf 84' lang='grc'>68</span> <span class='ocrx_word' id='word_1_96' title='bbox 1232 1535 1301 1596; x_wconf 87' lang='grc'>0111-</span> 
     </span>
     <span class='ocr_line' id='line_1_12' title="bbox 154 1642 1301 1730; baseline 0.001 -25"><span class='ocrx_word' id='word_1_97' title='bbox 154 1646 238 1707; x_wconf 91' lang='lat' dir='ltr'>citur</span> <span class='ocrx_word' id='word_1_98' title='bbox 260 1643 425 1707; x_wconf 77' lang='lat' dir='ltr'><strong>distichon</strong></span> <span class='ocrx_word' id='word_1_99' title='bbox 448 1643 701 1706; x_wconf 89' lang='lat' dir='ltr'>insulsissimum</span> <span class='ocrx_word' id='word_1_100' title='bbox 725 1642 956 1729; x_wconf 78' lang='lat' dir='ltr'>doctrinaeque</span> <span class='ocrx_word' id='word_1_101' title='bbox 985 1667 1088 1706; x_wconf 91' lang='lat' dir='ltr'>uanae</span> <span class='ocrx_word' id='word_1_102' title='bbox 1112 1647 1219 1730; x_wconf 88' lang='lat' dir='ltr'>specie</span> <span class='ocrx_word' id='word_1_103' title='bbox 1242 1645 1301 1706; x_wconf 88' lang='lat' dir='ltr'>ad-</span> 
     </span>
     <span class='ocr_line' id='line_1_13' title="bbox 153 1753 1302 1840; baseline -0.002 -23"><span class='ocrx_word' id='word_1_104' title='bbox 153 1754 337 1818; x_wconf 88' lang='lat' dir='ltr'>umbratum</span> <span class='ocrx_word' id='word_1_105' title='bbox 367 1763 488 1816; x_wconf 90' lang='lat' dir='ltr'>temere</span> <span class='ocrx_word' id='word_1_106' title='bbox 516 1755 734 1840; x_wconf 76' lang='lat' dir='ltr'>interrumpit.</span> <span class='ocrx_word' id='word_1_107' title='bbox 780 1753 876 1816; x_wconf 86' lang='lat' dir='ltr'>Vnde</span> <span class='ocrx_word' id='word_1_108' title='bbox 904 1754 998 1840; x_wconf 88' lang='lat' dir='ltr'>plane</span> <span class='ocrx_word' id='word_1_109' title='bbox 1026 1753 1205 1818; x_wconf 89' lang='lat' dir='ltr'>tollendum</span> <span class='ocrx_word' id='word_1_110' title='bbox 1228 1776 1302 1817; x_wconf 89' lang='lat' dir='ltr'>esse</span> 
     </span>
     <span class='ocr_line' id='line_1_14' title="bbox 154 1886 279 1927; baseline 0.008 -1"><span class='ocrx_word' id='word_1_111' title='bbox 154 1886 279 1927; x_wconf 87' lang='lat' dir='ltr'>censeo.</span> 
     </span>
    </p>

    <p class='ocr_par' dir='ltr' id='par_1_3' title="bbox 120 1973 1356 4157">
     <span class='ocr_line' id='line_1_15' title="bbox 238 1973 1301 2059; baseline 0.002 -23"><span class='ocrx_word' id='word_1_112' title='bbox 238 1973 329 2037; x_wconf 90' lang='lat' dir='ltr'>Haec</span> <span class='ocrx_word' id='word_1_113' title='bbox 357 1976 403 2037; x_wconf 90' lang='lat' dir='ltr'>eis</span> <span class='ocrx_word' id='word_1_114' title='bbox 433 1997 515 2059; x_wconf 89' lang='lat' dir='ltr'>quae</span> <span class='ocrx_word' id='word_1_115' title='bbox 544 1974 585 2036; x_wconf 94' lang='lat' dir='ltr'>de</span> <span class='ocrx_word' id='word_1_116' title='bbox 613 1975 724 2037; x_wconf 88' lang='lat' dir='ltr'>codice</span> <span class='ocrx_word' id='word_1_117' title='bbox 758 1974 1003 2058; x_wconf 86' lang='lat' dir='ltr'>Hamburgensi</span> <span class='ocrx_word' id='word_1_118' title='bbox 1034 1977 1068 2038; x_wconf 92' lang='grc'>111</span> <span class='ocrx_word' id='word_1_119' title='bbox 1096 1998 1177 2038; x_wconf 89' lang='lat' dir='ltr'>mus.</span> <span class='ocrx_word' id='word_1_120' title='bbox 1206 1975 1301 2038; x_wconf 90' lang='lat' dir='ltr'>rhen.</span> 
     </span>
     <span class='ocr_line' id='line_1_16' title="bbox 154 2082 599 2148; baseline 0.007 -3"><span class='ocrx_word' id='word_1_121' title='bbox 154 2082 175 2145; x_wconf 96' lang='grc'>1.</span> <span class='ocrx_word' id='word_1_122' title='bbox 198 2083 220 2146; x_wconf 96' lang='grc'>1.</span> <span class='ocrx_word' id='word_1_123' title='bbox 244 2084 315 2146; x_wconf 90' lang='lat' dir='ltr'>dixi</span> <span class='ocrx_word' id='word_1_124' title='bbox 339 2094 414 2146; x_wconf 89' lang='lat' dir='ltr'>sunt</span> <span class='ocrx_word' id='word_1_125' title='bbox 437 2083 599 2148; x_wconf 89' lang='lat' dir='ltr'>addenda.</span> 
     </span>
     <span class='ocr_line' id='line_1_17' title="bbox 139 2194 1302 2280; baseline -0.002 -20"><span class='ocrx_word' id='word_1_126' title='bbox 139 2245 146 2260; x_wconf 82' lang='grc'>.</span> <span class='ocrx_word' id='word_1_127' title='bbox 239 2194 313 2258; x_wconf 90' lang='lat' dir='ltr'>Non</span> <span class='ocrx_word' id='word_1_128' title='bbox 328 2196 435 2256; x_wconf 90' lang='lat' dir='ltr'>minus</span> <span class='ocrx_word' id='word_1_129' title='bbox 451 2195 536 2258; x_wconf 93' lang='lat' dir='ltr'>bono</span> <span class='ocrx_word' id='word_1_130' title='bbox 553 2217 594 2257; x_wconf 88' lang='lat' dir='ltr'>ex</span> <span class='ocrx_word' id='word_1_131' title='bbox 609 2194 700 2259; x_wconf 86' lang='lat' dir='ltr'>fonte</span> <span class='ocrx_word' id='word_1_132' title='bbox 715 2217 812 2280; x_wconf 89' lang='lat' dir='ltr'>quarn</span> <span class='ocrx_word' id='word_1_133' title='bbox 833 2195 937 2258; x_wconf 85' lang='lat' dir='ltr'>codex</span> <span class='ocrx_word' id='word_1_134' title='bbox 952 2195 1212 2280; x_wconf 87' lang='lat' dir='ltr'>Hamburgensis</span> <span class='ocrx_word' id='word_1_135' title='bbox 1233 2218 1302 2258; x_wconf 90' lang='lat' dir='ltr'>ma—</span> 
     </span>
     <span class='ocr_line' id='line_1_18' title="bbox 155 2304 1301 2391; baseline 0 -24"><span class='ocrx_word' id='word_1_136' title='bbox 155 2304 467 2367; x_wconf 76' lang='lat' dir='ltr'>nauitBAVARlcvs</span> <span class='ocrx_word' id='word_1_137' title='bbox 482 2305 531 2391; x_wconf 84' lang='grc' dir='ltr'>(β)</span> <span class='ocrx_word' id='word_1_138' title='bbox 548 2305 590 2368; x_wconf 92' lang='lat' dir='ltr'>ab</span> <span class='ocrx_word' id='word_1_139' title='bbox 606 2305 673 2368; x_wconf 79' lang='lat' dir='ltr'>Th.</span> <span class='ocrx_word' id='word_1_140' title='bbox 691 2305 755 2368; x_wconf 79' lang='lat' dir='ltr'>Oh.</span> <span class='ocrx_word' id='word_1_141' title='bbox 772 2305 959 2369; x_wconf 86' lang='lat' dir='ltr'>Harlesio</span> <span class='ocrx_word' id='word_1_142' title='bbox 975 2316 1126 2369; x_wconf 85' lang='lat' dir='ltr'>accurate</span> <span class='ocrx_word' id='word_1_143' title='bbox 1141 2304 1301 2388; x_wconf 87' lang='lat' dir='ltr'>conlatus,</span> 
     </span>
     <span class='ocr_line' id='line_1_19' title="bbox 120 2413 1301 2501; baseline 0 -23"><span class='ocrx_word' id='word_1_144' title='bbox 120 2417 121 2421; x_wconf 69' lang='grc'>’</span> <span class='ocrx_word' id='word_1_145' title='bbox 154 2416 209 2501; x_wconf 92' lang='lat' dir='ltr'>qui</span> <span class='ocrx_word' id='word_1_146' title='bbox 224 2436 310 2479; x_wconf 92' lang='lat' dir='ltr'>nunc</span> <span class='ocrx_word' id='word_1_147' title='bbox 325 2416 359 2477; x_wconf 92' lang='lat' dir='ltr'>ni</span> <span class='ocrx_word' id='word_1_148' title='bbox 375 2413 470 2479; x_wconf 90' lang='lat' dir='ltr'>fallor</span> <span class='ocrx_word' id='word_1_149' title='bbox 485 2415 651 2478; x_wconf 89' lang='lat' dir='ltr'>Monachii</span> <span class='ocrx_word' id='word_1_150' title='bbox 666 2417 869 2479; x_wconf 88' lang='lat' dir='ltr'>adseruatur.</span> <span class='ocrx_word' id='word_1_151' title='bbox 896 2415 957 2479; x_wconf 83' lang='lat' dir='ltr'>Est</span> <span class='ocrx_word' id='word_1_152' title='bbox 973 2416 1087 2498; x_wconf 83' lang='lat' dir='ltr'>codex,</span> <span class='ocrx_word' id='word_1_153' title='bbox 1104 2425 1141 2479; x_wconf 92' lang='lat' dir='ltr'>ut</span> <span class='ocrx_word' id='word_1_154' title='bbox 1154 2415 1301 2478; x_wconf 86' lang='lat' dir='ltr'>Harlesii</span> 
     </span>
     <span class='ocr_line' id='line_1_20' title="bbox 154 2524 1300 2612; baseline 0.002 -25"><span class='ocrx_word' id='word_1_155' title='bbox 154 2526 265 2589; x_wconf 90' lang='lat' dir='ltr'>uerbis</span> <span class='ocrx_word' id='word_1_156' title='bbox 286 2535 376 2607; x_wconf 90' lang='lat' dir='ltr'>utar,</span> <span class='ocrx_word' id='word_1_157' title='bbox 401 2524 572 2609; x_wconf 78' lang='lat' dir='ltr'>‘oblongae</span> <span class='ocrx_word' id='word_1_158' title='bbox 595 2525 734 2609; x_wconf 86' lang='lat' dir='ltr'>formae,</span> <span class='ocrx_word' id='word_1_159' title='bbox 759 2537 791 2589; x_wconf 91' lang='lat' dir='ltr'>et</span> <span class='ocrx_word' id='word_1_160' title='bbox 806 2526 959 2612; x_wconf 89' lang='lat' dir='ltr'>pollicum</span> <span class='ocrx_word' id='word_1_161' title='bbox 975 2528 1043 2590; x_wconf 84' lang='lat' dir='ltr'>fere</span> <span class='ocrx_word' id='word_1_162' title='bbox 1059 2527 1171 2589; x_wconf 91' lang='lat' dir='ltr'>decem</span> <span class='ocrx_word' id='word_1_163' title='bbox 1194 2526 1300 2610; x_wconf 89' lang='lat' dir='ltr'>longi-</span> 
     </span>
     <span class='ocr_line' id='line_1_21' title="bbox 153 2634 1301 2723; baseline -0.001 -24"><span class='ocrx_word' id='word_1_164' title='bbox 153 2637 315 2714; x_wconf 81' lang='lat' dir='ltr'>tudinem,</span> <span class='ocrx_word' id='word_1_165' title='bbox 340 2634 546 2698; x_wconf 90' lang='lat' dir='ltr'>latitudinem</span> <span class='ocrx_word' id='word_1_166' title='bbox 569 2637 711 2722; x_wconf 91' lang='lat' dir='ltr'>quinque</span> <span class='ocrx_word' id='word_1_167' title='bbox 730 2636 799 2700; x_wconf 86' lang='lat' dir='ltr'>fere</span> <span class='ocrx_word' id='word_1_168' title='bbox 816 2637 935 2723; x_wconf 83' lang='lat' dir='ltr'>explet.</span> <span class='ocrx_word' id='word_1_169' title='bbox 973 2638 1185 2700; x_wconf 90' lang='lat' dir='ltr'>Membranae</span> <span class='ocrx_word' id='word_1_170' title='bbox 1207 2639 1301 2722; x_wconf 87' lang='lat' dir='ltr'>ipsae</span> 
     </span>
     <span class='ocr_line' id='line_1_22' title="bbox 155 2745 1299 2833; baseline 0.001 -24"><span class='ocrx_word' id='word_1_171' title='bbox 155 2757 231 2810; x_wconf 90' lang='lat' dir='ltr'>sunt</span> <span class='ocrx_word' id='word_1_172' title='bbox 258 2768 401 2827; x_wconf 80' lang='lat' dir='ltr'>crassae,</span> <span class='ocrx_word' id='word_1_173' title='bbox 430 2756 466 2809; x_wconf 89' lang='lat' dir='ltr'>ut</span> <span class='ocrx_word' id='word_1_174' title='bbox 495 2745 671 2832; x_wconf 90' lang='lat' dir='ltr'>plurimum</span> <span class='ocrx_word' id='word_1_175' title='bbox 699 2746 897 2810; x_wconf 86' lang='lat' dir='ltr'>lectissimae</span> <span class='ocrx_word' id='word_1_176' title='bbox 925 2758 957 2811; x_wconf 88' lang='lat' dir='ltr'>et</span> <span class='ocrx_word' id='word_1_177' title='bbox 983 2749 1095 2833; x_wconf 86' lang='lat' dir='ltr'>paucis</span> <span class='ocrx_word' id='word_1_178' title='bbox 1119 2747 1226 2810; x_wconf 88' lang='lat' dir='ltr'>lituris</span> <span class='ocrx_word' id='word_1_179' title='bbox 1250 2749 1299 2810; x_wconf 93' lang='grc'>111-</span> 
     </span>
     <span class='ocr_line' id='line_1_23' title="bbox 155 2846 1356 2943; baseline 0 -23"><span class='ocrx_word' id='word_1_180' title='bbox 155 2859 317 2942; x_wconf 89' lang='lat' dir='ltr'>quinatae.</span> <span class='ocrx_word' id='word_1_181' title='bbox 360 2857 496 2919; x_wconf 86' lang='lat' dir='ltr'>Litteris</span> <span class='ocrx_word' id='word_1_182' title='bbox 519 2846 703 2943; x_wconf 79' lang='lat' dir='ltr'>pertotum</span> <span class='ocrx_word' id='word_1_183' title='bbox 725 2857 845 2921; x_wconf 91' lang='lat' dir='ltr'>librum</span> <span class='ocrx_word' id='word_1_184' title='bbox 860 2857 1068 2941; x_wconf 87' lang='lat' dir='ltr'>minusculis,</span> <span class='ocrx_word' id='word_1_185' title='bbox 1092 2858 1120 2920; x_wconf 88' lang='lat' dir='ltr'>si</span> <span class='ocrx_word' id='word_1_186' title='bbox 1143 2880 1162 2919; x_wconf 90' lang='lat' dir='ltr'>a</span> <span class='ocrx_word' id='word_1_187' title='bbox 1184 2859 1299 2943; x_wconf 91' lang='lat' dir='ltr'>primis</span> <span class='ocrx_word' id='word_1_188' title='bbox 1355 2932 1356 2938; x_wconf 17' lang='grc'>1</span> 
     </span>
     <span class='ocr_line' id='line_1_24' title="bbox 155 2966 1299 3052; baseline 0 -22"><span class='ocrx_word' id='word_1_189' title='bbox 155 2966 357 3052; x_wconf 88' lang='lat' dir='ltr'>singulorum</span> <span class='ocrx_word' id='word_1_190' title='bbox 385 2989 538 3030; x_wconf 88' lang='lat' dir='ltr'>uersuum</span> <span class='ocrx_word' id='word_1_191' title='bbox 561 2968 749 3031; x_wconf 88' lang='lat' dir='ltr'>maiusculis</span> <span class='ocrx_word' id='word_1_192' title='bbox 778 2969 943 3051; x_wconf 89' lang='lat' dir='ltr'>discedas,</span> <span class='ocrx_word' id='word_1_193' title='bbox 972 2992 1050 3032; x_wconf 87' lang='lat' dir='ltr'>usus</span> <span class='ocrx_word' id='word_1_194' title='bbox 1075 2978 1124 3030; x_wconf 91' lang='lat' dir='ltr'>est</span> <span class='ocrx_word' id='word_1_195' title='bbox 1146 2967 1299 3030; x_wconf 90' lang='lat' dir='ltr'>librarius</span> 
     </span>
     <span class='ocr_line' id='line_1_25' title="bbox 154 3076 1300 3164; baseline -0.003 -24"><span class='ocrx_word' id='word_1_196' title='bbox 154 3077 241 3140; x_wconf 89' lang='lat' dir='ltr'>haud</span> <span class='ocrx_word' id='word_1_197' title='bbox 263 3077 359 3163; x_wconf 90' lang='lat' dir='ltr'>plane</span> <span class='ocrx_word' id='word_1_198' title='bbox 381 3076 542 3140; x_wconf 90' lang='lat' dir='ltr'>indoctus.</span> <span class='ocrx_word' id='word_1_199' title='bbox 586 3078 823 3164; x_wconf 76' lang='lat' dir='ltr'>inscriptiones</span> <span class='ocrx_word' id='word_1_200' title='bbox 851 3081 1030 3142; x_wconf 88' lang='lat' dir='ltr'>carminum</span> <span class='ocrx_word' id='word_1_201' title='bbox 1052 3089 1084 3142; x_wconf 92' lang='lat' dir='ltr'>et</span> <span class='ocrx_word' id='word_1_202' title='bbox 1106 3077 1249 3158; x_wconf 90' lang='lat' dir='ltr'>litterae,</span> <span class='ocrx_word' id='word_1_203' title='bbox 1280 3101 1300 3140; x_wconf 88' lang='lat' dir='ltr'>a</span> 
     </span>
     <span class='ocr_line' id='line_1_26' title="bbox 155 3176 1298 3275; baseline 0 -25"><span class='ocrx_word' id='word_1_204' title='bbox 155 3189 273 3274; x_wconf 89' lang='lat' dir='ltr'>quibus</span> <span class='ocrx_word' id='word_1_205' title='bbox 302 3186 451 3273; x_wconf 85' lang='lat' dir='ltr'>singulae</span> <span class='ocrx_word' id='word_1_206' title='bbox 480 3187 635 3274; x_wconf 87' lang='lat' dir='ltr'>epistolae</span> <span class='ocrx_word' id='word_1_207' title='bbox 663 3190 840 3275; x_wconf 91' lang='lat' dir='ltr'>incipiunt,</span> <span class='ocrx_word' id='word_1_208' title='bbox 869 3189 968 3253; x_wconf 93' lang='lat' dir='ltr'>rubro</span> <span class='ocrx_word' id='word_1_209' title='bbox 992 3189 1097 3253; x_wconf 88' lang='lat' dir='ltr'>colore</span> <span class='ocrx_word' id='word_1_210' title='bbox 1120 3176 1195 3251; x_wconf 90' lang='lat' dir='ltr'>sunt</span> <span class='ocrx_word' id='word_1_211' title='bbox 1219 3190 1298 3250; x_wconf 89' lang='lat' dir='ltr'>scri-</span> 
     </span>
     <span class='ocr_line' id='line_1_27' title="bbox 156 3299 1300 3385; baseline -0.002 -23"><span class='ocrx_word' id='word_1_212' title='bbox 156 3309 239 3385; x_wconf 92' lang='lat' dir='ltr'>ptae.</span> <span class='ocrx_word' id='word_1_213' title='bbox 286 3299 488 3385; x_wconf 84' lang='lat' dir='ltr'>Compendia</span> <span class='ocrx_word' id='word_1_214' title='bbox 516 3299 681 3362; x_wconf 85' lang='lat' dir='ltr'>scribendi</span> <span class='ocrx_word' id='word_1_215' title='bbox 708 3322 768 3362; x_wconf 92' lang='lat' dir='ltr'>nee</span> <span class='ocrx_word' id='word_1_216' title='bbox 795 3299 877 3363; x_wconf 90' lang='lat' dir='ltr'>adeo</span> <span class='ocrx_word' id='word_1_217' title='bbox 905 3301 1088 3385; x_wconf 85' lang='lat' dir='ltr'>frequentia</span> <span class='ocrx_word' id='word_1_218' title='bbox 1115 3321 1174 3361; x_wconf 92' lang='lat' dir='ltr'>nec</span> <span class='ocrx_word' id='word_1_219' title='bbox 1196 3322 1300 3383; x_wconf 89' lang='lat' dir='ltr'>aeque</span> 
     </span>
     <span class='ocr_line' id='line_1_28' title="bbox 154 3408 1301 3495; baseline 0.003 -25"><span class='ocrx_word' id='word_1_220' title='bbox 154 3432 192 3471; x_wconf 90' lang='lat' dir='ltr'>ac</span> <span class='ocrx_word' id='word_1_221' title='bbox 220 3411 254 3470; x_wconf 92' lang='lat' dir='ltr'>in</span> <span class='ocrx_word' id='word_1_222' title='bbox 281 3409 517 3473; x_wconf 88' lang='lat' dir='ltr'>recentioribus</span> <span class='ocrx_word' id='word_1_223' title='bbox 545 3412 718 3495; x_wconf 89' lang='lat' dir='ltr'>praecipue</span> <span class='ocrx_word' id='word_1_224' title='bbox 746 3411 925 3474; x_wconf 89' lang='lat' dir='ltr'>chartaceis</span> <span class='ocrx_word' id='word_1_225' title='bbox 954 3409 1123 3472; x_wconf 90' lang='lat' dir='ltr'>intellectu</span> <span class='ocrx_word' id='word_1_226' title='bbox 1150 3408 1301 3473; x_wconf 80' lang='lat' dir='ltr'>difficilia</span> 
     </span>
     <span class='ocr_line' id='line_1_29' title="bbox 154 3519 1299 3604; baseline -0.001 -23"><span class='ocrx_word' id='word_1_227' title='bbox 154 3521 262 3582; x_wconf 89' lang='lat' dir='ltr'>minus</span> <span class='ocrx_word' id='word_1_228' title='bbox 285 3519 468 3604; x_wconf 90' lang='lat' dir='ltr'>impediunt</span> <span class='ocrx_word' id='word_1_229' title='bbox 492 3528 523 3580; x_wconf 89' lang='grc'>01</span> <span class='ocrx_word' id='word_1_230' title='bbox 545 3521 708 3582; x_wconf 90' lang='lat' dir='ltr'>sustinent</span> <span class='ocrx_word' id='word_1_231' title='bbox 730 3520 894 3584; x_wconf 90' lang='lat' dir='ltr'>lectorem.</span> <span class='ocrx_word' id='word_1_232' title='bbox 930 3520 970 3582; x_wconf 89' lang='lat' dir='ltr'>In</span> <span class='ocrx_word' id='word_1_233' title='bbox 985 3519 1150 3584; x_wconf 89' lang='lat' dir='ltr'>scribendi</span> <span class='ocrx_word' id='word_1_234' title='bbox 1172 3520 1299 3582; x_wconf 89' lang='lat' dir='ltr'>ratione</span> 
     </span>
     <span class='ocr_line' id='line_1_30' title="bbox 154 3627 1298 3716; baseline 0.001 -25"><span class='ocrx_word' id='word_1_235' title='bbox 154 3653 219 3693; x_wconf 91' lang='grc'>11011</span> <span class='ocrx_word' id='word_1_236' title='bbox 246 3629 376 3692; x_wconf 92' lang='lat' dir='ltr'>omnino</span> <span class='ocrx_word' id='word_1_237' title='bbox 405 3627 565 3705; x_wconf 89' lang='lat' dir='ltr'>delicatus</span> <span class='ocrx_word' id='word_1_238' title='bbox 594 3628 657 3692; x_wconf 88' lang='lat' dir='ltr'>fuit</span> <span class='ocrx_word' id='word_1_239' title='bbox 684 3631 712 3692; x_wconf 88' lang='lat' dir='ltr'>is</span> <span class='ocrx_word' id='word_1_240' title='bbox 742 3634 799 3716; x_wconf 92' lang='lat' dir='ltr'>qui</span> <span class='ocrx_word' id='word_1_241' title='bbox 828 3631 1003 3716; x_wconf 88' lang='lat' dir='ltr'>scripserat</span> <span class='ocrx_word' id='word_1_242' title='bbox 1029 3652 1090 3693; x_wconf 93' lang='lat' dir='ltr'>nec</span> <span class='ocrx_word' id='word_1_243' title='bbox 1116 3629 1298 3712; x_wconf 81' lang='lat' dir='ltr'>negligens.</span> 
     </span>
     <span class='ocr_line' id='line_1_31' title="bbox 156 3721 1297 3826; baseline -0.002 -24"><span class='ocrx_word' id='word_1_244' title='bbox 156 3746 307 3821; x_wconf 75' lang='lat' dir='ltr'>Coniunx,</span> <span class='ocrx_word' id='word_1_245' title='bbox 330 3745 474 3818; x_wconf 76' lang='lat' dir='ltr'>quotiens,</span> <span class='ocrx_word' id='word_1_246' title='bbox 500 3745 602 3802; x_wconf 76' lang='lat' dir='ltr'>totiens</span> <span class='ocrx_word' id='word_1_247' title='bbox 624 3747 724 3817; x_wconf 68' lang='lat' dir='ltr'>torpeo</span> <span class='ocrx_word' id='word_1_248' title='bbox 747 3751 808 3806; x_wconf 90' lang='lat' dir='ltr'>etc.</span> <span class='ocrx_word' id='word_1_249' title='bbox 831 3721 963 3826; x_wconf 76' lang='lat' dir='ltr'>posuit,</span> <span class='ocrx_word' id='word_1_250' title='bbox 982 3743 1062 3804; x_wconf 91' lang='lat' dir='ltr'>etin</span> <span class='ocrx_word' id='word_1_251' title='bbox 1078 3739 1187 3802; x_wconf 89' lang='lat' dir='ltr'>uerbis</span> <span class='ocrx_word' id='word_1_252' title='bbox 1211 3761 1297 3802; x_wconf 90' lang='grc'>00111-</span> 
     </span>
     <span class='ocr_line' id='line_1_32' title="bbox 154 3850 1298 3938; baseline -0.003 -23"><span class='ocrx_word' id='word_1_253' title='bbox 154 3853 268 3938; x_wconf 89' lang='lat' dir='ltr'>positis</span> <span class='ocrx_word' id='word_1_254' title='bbox 300 3851 342 3913; x_wconf 81' lang='lat' dir='ltr'>ab·</span> <span class='ocrx_word' id='word_1_255' title='bbox 369 3857 400 3912; x_wconf 78' lang='grc'>111</span> <span class='ocrx_word' id='word_1_256' title='bbox 428 3859 484 3913; x_wconf 91' lang='lat' dir='ltr'>aut</span> <span class='ocrx_word' id='word_1_257' title='bbox 512 3871 566 3913; x_wconf 86' lang='lat' dir='ltr'>cen</span> <span class='ocrx_word' id='word_1_258' title='bbox 594 3850 826 3935; x_wconf 89' lang='lat' dir='ltr'>incipientibus</span> <span class='ocrx_word' id='word_1_259' title='bbox 849 3874 869 3913; x_wconf 85' lang='lat' dir='ltr'>n</span> <span class='ocrx_word' id='word_1_260' title='bbox 891 3861 927 3915; x_wconf 91' lang='lat' dir='ltr'>ut</span> <span class='ocrx_word' id='word_1_261' title='bbox 949 3859 1060 3915; x_wconf 77' lang='grc'>1111111110</span> <span class='ocrx_word' id='word_1_262' title='bbox 1082 3871 1209 3936; x_wconf 88' lang='lat' dir='ltr'>semper</span> <span class='ocrx_word' id='word_1_263' title='bbox 1232 3871 1298 3914; x_wconf 90' lang='lat' dir='ltr'>ser·</span> 
     </span>
     <span class='ocr_line' id='line_1_33' title="bbox 156 3961 1297 4046; baseline -0.002 -22"><span class='ocrx_word' id='word_1_264' title='bbox 156 3963 256 4024; x_wconf 89' lang='lat' dir='ltr'>uauit.</span> <span class='ocrx_word' id='word_1_265' title='bbox 312 3966 361 4022; x_wconf 74' lang='lat' dir='ltr'>Ad</span> <span class='ocrx_word' id='word_1_266' title='bbox 391 3982 469 4023; x_wconf 90' lang='lat' dir='ltr'>nero</span> <span class='ocrx_word' id='word_1_267' title='bbox 506 3961 540 4022; x_wconf 92' lang='grc'>111</span> <span class='ocrx_word' id='word_1_268' title='bbox 574 3963 761 4046; x_wconf 88' lang='lat' dir='ltr'>compositis</span> <span class='ocrx_word' id='word_1_269' title='bbox 798 3963 939 4026; x_wconf 87' lang='lat' dir='ltr'>mutauit</span> <span class='ocrx_word' id='word_1_270' title='bbox 975 3983 1072 4046; x_wconf 87' lang='lat' dir='ltr'>saepe</span> <span class='ocrx_word' id='word_1_271' title='bbox 1106 3969 1142 4022; x_wconf 92' lang='lat' dir='ltr'>ut</span> <span class='ocrx_word' id='word_1_272' title='bbox 1174 3967 1297 4038; x_wconf 75' lang='lat' dir='ltr'>aspicio.</span> 
     </span>
     <span class='ocr_line' id='line_1_34' title="bbox 154 4070 1298 4157; baseline -0.004 -21"><span class='ocrx_word' id='word_1_273' title='bbox 154 4071 385 4157; x_wconf 88' lang='lat' dir='ltr'>Diphthongos</span> <span class='ocrx_word' id='word_1_274' title='bbox 415 4093 480 4133; x_wconf 89' lang='lat' dir='ltr'>nou</span> <span class='ocrx_word' id='word_1_275' title='bbox 508 4072 630 4134; x_wconf 89' lang='lat' dir='ltr'>amauit</span> <span class='ocrx_word' id='word_1_276' title='bbox 659 4070 812 4135; x_wconf 91' lang='lat' dir='ltr'>librarius</span> <span class='ocrx_word' id='word_1_277' title='bbox 842 4073 954 4156; x_wconf 88' lang='lat' dir='ltr'>(siel):</span> <span class='ocrx_word' id='word_1_278' title='bbox 988 4073 1023 4133; x_wconf 91' lang='lat' dir='ltr'>in</span> <span class='ocrx_word' id='word_1_279' title='bbox 1051 4071 1161 4134; x_wconf 90' lang='lat' dir='ltr'>uerbis</span> <span class='ocrx_word' id='word_1_280' title='bbox 1189 4080 1298 4133; x_wconf 88' lang='lat' dir='ltr'>tamen</span> 
     </span>
    </p>
   </div>
   <div class='ocr_carea' id='block_1_3' title="bbox 155 4181 1297 4268">
    <p class='ocr_par' dir='ltr' id='par_1_4' title="bbox 155 4181 1297 4268">
     <span class='ocr_line' id='line_1_35' title="bbox 155 4181 1297 4268; baseline -0.001 -25"><span class='ocrx_word' id='word_1_281' title='bbox 155 4183 278 4268; x_wconf 87' lang='lat' dir='ltr'>primae</span> <span class='ocrx_word' id='word_1_282' title='bbox 311 4181 537 4245; x_wconf 89' lang='lat' dir='ltr'>declinationis</span> <span class='ocrx_word' id='word_1_283' title='bbox 569 4204 606 4245; x_wconf 82' lang='lat' dir='ltr'>ne</span> <span class='ocrx_word' id='word_1_284' title='bbox 632 4203 691 4268; x_wconf 93' lang='lat' dir='ltr'>per</span> <span class='ocrx_word' id='word_1_285' title='bbox 717 4205 733 4245; x_wconf 86' lang='lat' dir='ltr'>c</span> <span class='ocrx_word' id='word_1_286' title='bbox 759 4182 888 4266; x_wconf 80' lang='lat' dir='ltr'>uirgula</span> <span class='ocrx_word' id='word_1_287' title='bbox 920 4182 1048 4244; x_wconf 87' lang='lat' dir='ltr'>adunca</span> <span class='ocrx_word' id='word_1_288' title='bbox 1076 4182 1212 4244; x_wconf 86' lang='lat' dir='ltr'>inferius</span> <span class='ocrx_word' id='word_1_289' title='bbox 1240 4181 1297 4242; x_wconf 87' lang='lat' dir='ltr'>ad-</span> 
     </span>
    </p>
   </div>
   <div class='ocr_carea' id='block_1_4' title="bbox 155 4291 1299 4488">
    <p class='ocr_par' dir='ltr' id='par_1_5' title="bbox 155 4291 1299 4488">
     <span class='ocr_line' id='line_1_36' title="bbox 155 4291 1299 4380; baseline -0.003 -24"><span class='ocrx_word' id='word_1_290' title='bbox 155 4292 277 4376; x_wconf 87' lang='lat' dir='ltr'>scripta</span> <span class='ocrx_word' id='word_1_291' title='bbox 299 4293 471 4377; x_wconf 88' lang='lat' dir='ltr'>expressit.</span> <span class='ocrx_word' id='word_1_292' title='bbox 516 4293 556 4355; x_wconf 91' lang='lat' dir='ltr'>In</span> <span class='ocrx_word' id='word_1_293' title='bbox 578 4293 762 4357; x_wconf 89' lang='lat' dir='ltr'>nominibus</span> <span class='ocrx_word' id='word_1_294' title='bbox 785 4294 984 4380; x_wconf 83' lang='grc'>1110111111-</span> <span class='ocrx_word' id='word_1_295' title='bbox 998 4315 1018 4354; x_wconf 94' lang='lat' dir='ltr'>a</span> <span class='ocrx_word' id='word_1_296' title='bbox 1032 4314 1110 4354; x_wconf 91' lang='lat' dir='ltr'>uera</span> <span class='ocrx_word' id='word_1_297' title='bbox 1133 4291 1299 4355; x_wconf 86' lang='lat' dir='ltr'>scribendi</span> 
     </span>
     <span class='ocr_line' id='line_1_37' title="bbox 155 4401 1296 4488; baseline -0.003 -21"><span class='ocrx_word' id='word_1_298' title='bbox 155 4405 280 4468; x_wconf 88' lang='lat' dir='ltr'>ratione</span> <span class='ocrx_word' id='word_1_299' title='bbox 309 4403 473 4466; x_wconf 88' lang='lat' dir='ltr'>aberrauit</span> <span class='ocrx_word' id='word_1_300' title='bbox 501 4404 641 4488; x_wconf 90' lang='lat' dir='ltr'>saepius.</span> <span class='ocrx_word' id='word_1_301' title='bbox 692 4405 731 4468; x_wconf 92' lang='lat' dir='ltr'>ln</span> <span class='ocrx_word' id='word_1_302' title='bbox 761 4404 825 4466; x_wconf 90' lang='lat' dir='ltr'>fine</span> <span class='ocrx_word' id='word_1_303' title='bbox 853 4401 1085 4468; x_wconf 91' lang='lat' dir='ltr'>uocabulorum</span> <span class='ocrx_word' id='word_1_304' title='bbox 1115 4401 1132 4463; x_wconf 89' lang='grc'>1</span> <span class='ocrx_word' id='word_1_305' title='bbox 1154 4403 1296 4486; x_wconf 88' lang='lat' dir='ltr'>longius—</span> 
     </span>
    </p>
   </div>
   <div class='ocr_carea' id='block_1_5' title="bbox 0 0 1462 4926">
    <p class='ocr_par' dir='ltr' id='par_1_6' title="bbox 0 0 1462 4926">
     <span class='ocr_line' id='line_1_38' title="bbox 0 0 1462 4926; baseline 0 0"><span class='ocrx_word' id='word_1_306' title='bbox 0 0 1462 4926; x_wconf 95' lang='lat' dir='ltr'> </span> 
     </span>
    </p>
   </div>
  </div>
 </body>
</html>
