2902 4928
420 392 429 407 x
531 359 534 365 .
612 325 820 374 PRAEFATIO.

299 479 1154 580 mespretas³lcrootameaestorbetbospnatcana

349 590 1100 678 oamostnnb'sacnomcaesarrsessebomo

298 728 1286 819 stammarrtemoamsqoeprescoronoquoesaceabos

349 845 994 936 aomunauamyatonon[europaeo

134 1021 282 1088 Relicua
304 1029 353 1085 est
374 1021 478 1085 altera
500 1022 634 1087 alterius
656 1023 728 1089 folii
751 1026 871 1111 pagina
877 1075 898 1107 ,,
921 1027 1106 1112 conscripta
1132 1025 1188 1089 illa
1218 1028 1287 1090 uer·

136 1133 238 1197 sibus
269 1155 487 1219 uersuumque
520 1133 688 1220 particulis
716 1134 793 1198 inde
821 1157 841 1198 a
867 1135 928 1218 IV,
952 1137 987 1219 9,
1019 1137 1078 1202 127
1105 1159 1214 1224 usque
1245 1137 1289 1201 ad

138 1265 279 1307 uersum
304 1243 363 1308 133
385 1242 445 1307 tali
467 1244 597 1325 ordine3

297 1395 453 1480 tuderto]

352 1515 494 1599 caelsar]

298 1653 338 1702 τυ
381 1634 550 1717 Νοεῐκ[ειε
566 1634 659 1697 audis
676 1635 762 1698 inter
777 1635 1131 1722 clomu[exa].ocnws

351 1722 1119 1845 stenasorocuoqmsssmusosepoeces·

229 1870 232 1875 ’
300 1874 1108 1964 pernerorantrstocetcanrmmayoasnaroulla

353 1988 948 2080 qoacbetemrsscclrreyacraroooo

299 2108 1123 2201 aaronemsuenonytecruoancarasseon.

143 2291 220 2354 Iam
242 2289 271 2353 si
293 2286 430 2376 paucula
451 2286 531 2351 haee
552 2287 736 2372 fragmenta
758 2289 1007 2375 perpendimus,
1036 2291 1107 2354 ficri
1134 2315 1199 2355 non
1221 2301 1291 2378 pot-

144 2401 211 2463 erit
234 2401 313 2491 quin
335 2397 445 2464 dolore
459 2397 651 2461 adficiamur
672 2408 782 2462 tantae
805 2400 976 2484 dignitatis
997 2400 1075 2464 libri
1089 2403 1217 2465 amissi:
1241 2411 1299 2480 sat¹

145 2512 236 2574 enim
269 2531 402 2593 magnos
437 2531 479 2572 ex
510 2507 658 2572 frustulis
692 2509 757 2573 illis
789 2510 915 2583 fruetus
944 2512 1100 2598 capimus.
1146 2512 1291 2576 Primum

143 2629 273 2703 autem,
297 2630 333 2684 ut
349 2621 452 2684 exeis
476 2619 641 2683 ordiamur
664 2642 745 2705 quae
767 2623 872 2707 primo
901 2621 1017 2686 obtutu
1039 2623 1290 2709 perspiciuntur,

144 2741 300 2796 nontam
326 2731 410 2812 eiua,
435 2732 490 2816 qui
511 2729 656 2794 codicem
672 2732 956 2817 Hamburgensem
978 2735 1124 2819 scripsit,
1148 2735 1292 2797 incuriae

146 2840 293 2906 dandum
316 2863 388 2906 esse
409 2841 561 2927 adparet,
586 2841 673 2926 quod
696 2844 724 2906 is
748 2842 832 2906 liber
853 2842 963 2907 multis
988 2854 1020 2907 et
1041 2845 1142 2907 uariis
1164 2844 1291 2907 mendis

135 2952 299 3018 »foedatus
323 2961 388 3033 est,
418 2973 514 3037 quam
541 2951 712 3039 archetypi
740 2953 863 3018 codicis
886 2955 1081 3018 condicioni.
1127 2955 1291 3029 Vitiorum

145 3071 273 3144 autem,
311 3061 430 3148 quibus
456 3072 495 3144 yet
532 3061 793 3147 Hamburgensis
830 3063 914 3127 liber
947 3074 979 3128 et
1013 3063 1291 3150 Guelferbytanus

146 3173 314 3254 laborant,
337 3182 429 3235 tanta
449 3182 498 3236 est
513 3171 694 3258 aequalitas
717 3184 752 3236 nt
774 3173 913 3236 altemm
936 3196 977 3237 ex
1000 3174 1132 3247 alterius
1155 3196 1291 3259 apogra-

146 3283 214 3370 pho
243 3283 381 3346 fluxisse
413 3284 529 3348 merito
546 3343 549 3350 s
565 3282 753 3347 contendas.
805 3284 887 3345 Nam
921 3283 1008 3369 quod
1036 3285 1165 3368 saepius
1193 3282 1230 3346 fit
1258 3285 1292 3346 in

148 3392 395 3477 Hamburgensi
417 3402 453 3456 ut
474 3392 621 3480 syllabae
648 3395 772 3480 priores
802 3392 986 3476 uerborum,
1010 3395 1038 3456 si
1060 3414 1143 3479 quae
1165 3402 1292 3456 antece·
1314 3412 1317 3417 ·

150 3505 297 3568 dentium
319 3503 551 3568 uocabulorum
580 3503 716 3592 syllabis
746 3505 902 3568 extremis
925 3526 1018 3590 pares
1041 3505 1107 3568 sint
1128 3504 1181 3568 uel
1204 3505 1292 3567 simi-
1387 3566 1390 3573 .

148 3615 214 3696 les,
242 3637 375 3701 prorsus
405 3609 595 3679 omittantur
625 3614 681 3698 (cf.
704 3615 744 3679 R.
767 3613 905 3679 Merkel.
928 3615 1030 3702 praef.
1053 3615 1095 3678 ad
1118 3614 1216 3679 Ouid.
1239 3614 1293 3677 ΠΙ

150 3751 182 3814 p.
202 3725 278 3808 IV),
302 3724 390 3788 idem
412 3726 447 3788 in
470 3723 730 3812 Guelferbytano
753 3727 869 3790 uitium
891 3726 1069 3791 admissum
1093 3735 1142 3789 est
1164 3724 1238 3807 (IV,
1262 3726 1292 3804 9,

152 3837 229 3920 1323
255 3836 305 3918 12,
331 3837 402 3919 17),
432 3858 593 3922 quamque
621 3835 743 3900 codicis
767 3835 1026 3920 Hamburgensis
1049 3835 1175 3899 scribae
1198 3835 1292 3895 mira-

149 3971 223 4011 mur
249 3945 507 4031 neglegentiam,
537 3969 600 4032 qua
622 3968 638 4009 e
661 3955 693 4011 et
716 3968 753 4010 oe
774 3946 855 4009 adeo
877 3947 912 4008 in
934 3947 1117 4032 promiscuo
1140 3941 1317 4023 babebat,'
1350 3987 1353 3990 ι

150 4066 188 4122 ut
210 4058 257 4120 eis
280 4057 361 4143 ipsis
384 4056 481 4139 loeis,
506 4057 656 4142 quibuse
678 4056 739 4122 soli
761 4054 867 4121 locum
890 4078 959 4119 esse
982 4064 1083 4119 metro
1106 4053 1215 4118 doceri
1238 4052 1293 4115 de-

152 4207 217 4214 ...-

222 4289 248 4354 a)
268 4288 410 4338 intercidit
426 4289 447 4338 I.
838 4343 840 4346 ¹

222 4374 250 4435 h)
269 4374 310 4424 sic
329 4374 433 4438 scripta
451 4377 515 4423 sunt
532 4389 586 4430 non
603 4377 635 4422 ut
653 4372 869 4424 schoenemann.
882 4372 964 4423 dicit:
985 4381 1143 4446 ΙΝοευζΑ
