2902 4928
162 306 219 368 1118
568 317 575 341 ’
635 315 681 363 ΕΚ
704 314 819 362 PONTO

181 481 218 537 15
242 473 385 537 ‘uiderit'
408 471 451 535 ad
474 493 633 534 summum
657 468 738 532 dixi.
776 468 867 532 ‘licet
889 470 960 555 ipse
982 480 1153 556 queratur:

283 584 318 646 a!
343 582 443 669 pudet
465 581 620 645 offensam
642 602 707 643 non
729 580 888 644 meruisse
911 581 1026 667 prius!

241 693 399 775 domiti,
423 693 451 754 si
474 690 553 777 quid
574 712 612 753 oa
635 699 699 772 est,
726 689 934 755 hebetantem
956 702 1090 777 pectora
1111 693 1253 775 Lethen,

283 802 403 867 oblitus
425 812 537 889 potero
558 823 624 864 non
645 810 754 864 tamen
778 823 847 864 esse
869 803 928 865 tui.

241 915 339 1000 idque
362 915 449 976 sinas
472 934 543 994 ore,
566 933 627 974 nec
649 910 797 975 fastidita
819 910 956 998 repellas

178 1034 219 1089 20
283 1024 384 1087 uerba
405 1045 465 1086 nec
487 1021 594 1086 officio
618 1023 739 1085 crimen
761 1023 869 1086 inesse
891 1032 996 1109 putes.

243 1138 290 1218 [et
312 1133 394 1196 leuis
417 1133 496 1196 haec
518 1133 642 1196 meritis
664 1131 825 1196 referatur
846 1135 954 1218 gratia'
976 1134 1087 1215 tantis.

283 1245 312 1307 si
334 1245 458 1325 minus,
482 1244 587 1306 inuito
609 1252 641 1306 te
664 1264 792 1328 quoque
814 1252 927 1327 gratus
951 1246 1029 1328 ero]

240 1377 416 1440 numquam
437 1355 533 1439 pigra
555 1353 617 1416 fuit
639 1354 757 1417 nostris
780 1362 837 1417 tua
858 1354 965 1438 gratia
987 1354 1101 1436 rehum

281 1487 342 1527 nec
363 1463 443 1527 mihi
466 1463 634 1527 munificas
656 1485 732 1526 arca
753 1465 888 1548 negauit
909 1486 997 1550 opes.

178 1584 216 1640 25
240 1599 325 1638 nunc
348 1597 476 1661 quoque
497 1573 544 1636 nil
567 1572 684 1637 subitis
709 1573 881 1637 elementia
903 1576 1017 1639 territa
1038 1575 1117 1640 fatis

281 1684 440 1749 auxilium
463 1685 550 1749 uitae
572 1683 701 1770 fertque
723 1683 870 1771 feretque
892 1707 993 1748 meae.

240 1796 344 1878 unde,
367 1818 462 1880 rogas
485 1795 612 1876 forsan,
636 1794 756 1858 fiducia
777 1804 870 1859 tanta
892 1795 995 1859 futuri

282 1909 325 1970 sit
346 1906 443 1970 mihi:
468 1905 554 1991 quod
577 1904 654 1969 fecit
677 1906 814 1990 quisque
837 1915 945 1970 tuetur
967 1929 1058 1992 opus.

239 2028 275 2081 ut
297 2017 408 2081 Venus
431 2015 564 2079 artificis
587 2015 679 2079 labor
702 2025 805 2079 estet
827 2015 931 2100 gloria
953 2016 1014 2080 Coi

176 2136 217 2189 311
281 2149 438 2212 aequoreo
461 2125 609 2189 madidas
632 2148 715 2211 quae
738 2127 857 2211 premit
878 2125 983 2188 imbre
1005 2148 1129 2190 comas:

238 2239 322 2299 areis
347 2247 380 2300 ut
402 2236 546 2298 Actaeae
567 2235 620 2300 uel
643 2236 765 2299 eburna
786 2234 839 2299 uel
860 2257 961 2298 aenea
983 2246 1092 2300 eustos

282 2346 398 2410 bellica
421 2345 578 2409 Phidiaca
600 2355 665 2410 stat
688 2345 749 2408 dea
770 2345 858 2409 facta
878 2369 990 2410 manu:

135 2464 139 2472 '
238 2457 386 2520 uindicat
408 2465 445 2519 ut
467 2455 608 2520 Calamis
631 2455 760 2518 laudem
783 2479 863 2541 quos
886 2457 964 2520 feeit
986 2480 1159 2544 equorum:

279 2576 315 2629 ut
338 2565 453 2630 similis
476 2588 572 2629 uerae
594 2587 694 2628 uacca
716 2566 864 2651 Myronis
887 2591 983 2653 opus:

175 2684 214 2739 35
238 2677 285 2739 sic
308 2699 367 2760 ego
390 2700 462 2740 sum
483 2699 590 2739 rerum
612 2699 676 2740 non
698 2675 828 2759 ultima,
853 2677 969 2762 Sexte,
991 2688 1121 2743 tuarum

279 2785 463 2872 tutelaeque
485 2787 571 2851 feror
592 2810 709 2850 munus
732 2809 876 2872 opusque
898 2798 982 2853 tuae.

153 2987 354 2994 ———--—--
621 2992 642 2997 .,.
673 2991 823 2996 ...w-m·—

220 3125 251 3172 15
269 3138 400 3172 summam
419 3120 684 3188 ecnurGLVOs-ll
707 3123 754 3173 ille
777 3125 877 3186 Davo
899 3123 950 3175 illa
969 3121 997 3176 ε2
1064 3128 1095 3175 16
1118 3126 1154 3175 ah
1174 3127 1263 3190 pudet
1282 3129 1300 3196 β

151 3192 188 3240 ha
207 3190 401 3240 CDEFGLNP
420 3191 491 3240 hanc
511 3192 594 3254 pudet
612 3191 707 3242 Medic.
725 3209 766 3256 pr.
785 3201 808 3255 ψ
829 3194 864 3247 H.
888 3190 901 3260 11
922 3193 1042 3244 offensas
1060 3194 1082 3243 P
1140 3197 1171 3245 17
1190 3195 1299 3247 lethem

152 3259 203 3308 CF.
221 3302 226 3313 ,
244 3261 276 3308 18
293 3274 345 3308 neo
363 3264 456 3308 tamen
473 3261 495 3309 P
512 3257 523 3325 11
540 3275 594 3309 non
613 3261 769 3309 meminisse
788 3262 829 3309 tui
848 3279 863 3310 τ
911 3265 941 3312 19
959 3278 1013 3312 non
1030 3264 1055 3312 D
1073 3259 1085 3328 11
1100 3263 1223 3328 repelles
1238 3266 1262 3316 F

151 3329 283 3391 reputas
302 3327 451 3390 Pputaq
514 3330 545 3376 21
565 3328 677 3377 lenieP
702 3324 713 3392 11
738 3329 861 3377 emeritis
879 3325 1025 3390 Esv¹r¹¹p
1044 3345 1077 3378 ex
1095 3333 1201 3381 meritis
1219 3335 1247 3385 N
1267 3340 1297 3386 et

151 3396 299 3457 meritisq
322 3390 334 3459 11
358 3395 450 3458 gratia
473 3395 552 3444 uobis
574 3413 588 3443 τ
615 3390 627 3460 11
655 3411 697 3446 uu.
717 3400 758 3448 21.
778 3399 812 3444 22
833 3397 988 3459 proscripsit
1012 3396 1051 3447 M.
1120 3399 1151 3445 22
1176 3400 1219 3447 sin
1243 3404 1295 3451 mi-

151 3477 201 3511 nus
220 3479 235 3510 τ
287 3464 320 3510 ‘23
339 3476 475 3524 nonquam
493 3463 515 3510 F
536 3459 547 3526 11
571 3461 660 3525 gloria
678 3463 760 3511 rebus
777 3479 793 3511 τ
839 3464 872 3510 24
889 3477 944 3511 nou
962 3463 986 3510 D
1008 3459 1020 3528 11
1041 3463 1125 3513 archa
1141 3465 1214 3514 FLP
1261 3471 1296 3517 25

151 3526 206 3578 non
224 3531 246 3577 E
265 3543 320 3576 nen
339 3529 360 3577 l’
379 3530 420 3578 nil
437 3530 485 3591 vo
510 3525 521 3594 11
544 3529 628 3577 factis
646 3531 671 3579 N
723 3531 756 3578 26
774 3530 880 3593 fertque
899 3530 1040 3593 refertque
1058 3529 1296 3596 echFGLsNP

151 3597 246 3658 ferque
265 3595 391 3659 referque
409 3613 424 3645 τ
442 3596 548 3660 fertque
566 3597 693 3659 feretque
710 3598 747 3645 H.
766 3599 801 3646 ad
822 3599 889 3649 trist.
908 3597 933 3656 1,
947 3602 969 3655 7,
988 3601 1003 3646 o'
1023 3594 1035 3663 11
1055 3601 1088 3648 27
1106 3614 1188 3664 roges
1200 3601 1243 3651 Fr
1255 3603 1294 3653 H.

150 3679 233 3727 rogas
246 3663 365 3727 forsitan
378 3665 400 3712 L
413 3664 530 3713 forsitan
543 3664 613 3712 unde
627 3673 744 3728 rogasqr
759 3661 772 3730 11
789 3663 882 3713 futura
893 3665 917 3713 V
930 3665 1025 3719 Medic.
1041 3683 1084 3730 pr.
1098 3675 1136 3730 εψ
1182 3670 1215 3718 29
1229 3670 1296 3720 choi

150 3733 173 3780 L
198 3747 248 3794 cop⁷
269 3732 318 3781 FP
387 3734 420 3781 30
443 3732 508 3795 igne
532 3730 553 3778 Ο
575 3727 587 3796 11
615 3747 701 3796 genas
723 3749 739 3782 r
807 3734 837 3782 31
863 3733 932 3782 artis
954 3733 991 3782 F¹
1017 3730 1029 3800 11
1056 3733 1137 3784 athee
1159 3736 1182 3785 P
1206 3752 1294 3789 aerea

504 3809 581 3852 bellica

151 3867 222 3919 OGV
239 3886 280 3932 pr.
300 3885 324 3917 u.
343 3869 359 3916 l.
412 3867 444 3915 32
469 3871 527 3930 atat
550 3867 641 3933 deaF
665 3864 676 3932 11
704 3870 736 3917 33
758 3868 889 3918 uendicat
911 3869 959 3918 FL
987 3863 999 3933 11
1027 3869 1117 3919 calais
1140 3868 1294 3925 CDFGLN

152 3938 238 3987 caleis
264 3937 286 3986 1¹
311 3934 427 3986 calamis
450 3935 472 3983 V
501 3932 513 4000 11
539 3934 634 3985 laudes
659 3935 708 3995 Βψ
737 3931 748 4000 11
776 3951 844 4000 quas
873 3936 898 3984 D
924 3931 936 4001 11
965 3939 998 3986 34
1020 3951 1104 3986 uerae
1134 3942 1177 3987 est
1198 3939 1223 3989 V

150 4006 183 4053 35
206 4005 246 4054 sic
273 4021 324 4070 ego
344 4019 403 4053 sum
427 4017 515 4051 rerum
543 4000 773 4068 conaremur
796 4004 836 4054 sie
859 4019 910 4068 ego
933 4020 999 4069 pars
1026 4019 1116 4054 rerum
1138 4021 1212 4058 eecce.
1239 4010 1291 4061 Po·

150 4073 187 4124 lit.
205 4089 221 4122 τ
238 4074 275 4123 H.
569 4099 572 4106 ·

151 4233 352 4242 -—-——-—-—

239 4345 276 4404 16
299 4347 366 4403 benc
388 4348 452 4403 HM
515 4348 554 4404 27
577 4364 659 4421 roges
682 4348 747 4402 HM
809 4349 847 4405 35
871 4365 923 4421 ego
946 4365 1008 4422 pars
1031 4350 1097 4406 HM
