2902 4928
534 455 541 470 .
598 382 807 430 PRAEFATIO·
1094 379 1099 390 ¹
1213 380 1280 427 XIII

124 564 170 604 ex
201 538 503 624 interpretamentis
534 537 588 600 hio
618 535 688 598 illie
719 534 860 617 margini
892 532 1032 614 additis,
1065 531 1206 617 denique
1240 555 1282 595 ox

126 649 318 715 scholarum
342 670 413 711 usu.
458 646 585 710 Harum
607 643 893 730 interpolationem
909 642 1038 726 singula
1060 664 1179 726 genera
1200 641 1281 706 loeis

126 757 272 844 singulis
297 757 341 842 (Ι,
365 757 396 838 3,
420 756 471 820 85.
488 756 545 839 863
570 755 616 835 ΙΙ,
640 756 671 836 2,
688 755 828 838 35-38)
853 745 1074 816 demonstrare
1097 751 1280 815 studuimus

128 872 230 954 (mus.
254 868 347 932 rhen.
371 865 477 930 XXII
501 889 533 951 p.
557 864 762 947 205—216).
813 863 967 948 Superest
995 872 1031 926 ut
1059 861 1099 924 de
1128 861 1184 926 illo
1211 861 1281 926 loeo

135 1000 231 1065 quem
252 998 353 1063 supra
375 975 581 1054 laudauimus
605 974 808 1060 disputemus
825 995 921 1058 quem
936 971 1116 1040 Merkelius
1139 974 1174 1035 in
1188 981 1283 1051 textu
1353 1019 1355 1023 η

134 1088 289 1152 editionis
313 1084 408 1150 obelo
435 1084 645 1166 transfixum,
677 1085 711 1147 in
734 1085 937 1169 praefatione
957 1083 1143 1146 coniectura
1170 1081 1283 1146 add-ita

129 1198 281 1262 seruauit
316 1197 557 1280 genuinumque
590 1217 624 1257 se
655 1195 776 1258 habere
811 1194 1004 1257 enuntiavit.
1056 1192 1146 1257 Haeo
1173 1202 1282 1256 autem

16 1287 20 1294 ¹
131 1308 292 1393 leguntur
315 1327 358 1368 ex
380 1305 417 1368 P.
442 1304 494 1387 ΙΙ,
516 1305 553 1386 ὃ,
577 1305 628 1369 (ll.
652 1304 709 1368 68:

262 1419 398 1502 thyrsus
423 1417 509 1478 enim
530 1415 643 1496 nobis,
666 1424 794 1499 gestata
817 1423 866 1477 est
888 1413 1000 1476 laurea
1021 1413 1132 1478 nobis:

306 1524 371 1593 sed,
386 1533 495 1589 tamen
517 1524 675 1589 ambobus
699 1524 797 1588 debet
819 1526 925 1588 inesse
947 1524 1045 1589 calor.
1111 1520 1114 1525 ’

127 1655 200 1692 aar.
220 1637 285 1691 leet.

219 1720 270 1778 67.
301 1720 411 1793 thyrsus
433 1719 582 1775 sublestate
609 1728 720 1791 gustata
742 1724 787 1773 e·
809 1718 900 1773 laurea
921 1716 1153 1787 noonamoury.
1200 1717 1284 1771 tirsus

128 1807 177 1862 uhi
195 1813 240 1861 est
260 1812 316 1859 ete
337 1813 443 1877 gestata
460 1813 501 1859 est
518 1804 534 1858 l.
551 1822 578 1858 n.
595 1804 772 1860 Bouarieus.
818 1803 929 1876 thyrsus
947 1805 1018 1856 inest
1032 1803 1156 1857 Peteon.
1172 1808 1199 1856 et
1214 1818 1283 1855 non-

128 1893 205 1947 nulli
220 1889 338 1945 Helnsr'i
358 1891 440 1944 codd.
464 1889 540 1944 adest
564 1888 741 1960 Guelferbyt.
763 1889 792 1942 in
813 1905 905 1959 mare.
923 1889 1099 1943 Besileensr's
1114 1893 1140 1942 et
1156 1888 1287 1964 rzonnulli

129 1976 250 2030 Heinsii
268 1975 350 2030 codd.
396 1973 433 2028 th.
455 1973 500 2028 uhi
522 1981 564 2028 est
584 1991 598 2028 a
616 1982 641 2028 te
659 1973 763 2029 Comhii
782 1975 885 2028 codex.
915 1974 970 2028 th.
987 1973 1059 2027 enlm
1075 1971 1164 2040 nohis,
1181 1989 1207 2043 g.
1224 1989 1248 2026 e.
1265 1971 1283 2024 l.

130 2060 214 2114 uolrls
225 2058 389 2114 Burmann.
404 2058 589 2128 Verpoorten.
621 2052 757 2131 ‘delphica
775 2076 828 2113 non
845 2075 930 2131 oeque
947 2066 1050 2129 gestata
1068 2066 1108 2112 est
1123 2056 1181 2112 ln.
1200 2056 1290 2118 Geel<

124 2145 239 2216 ferbyt.
262 2150 290 2198 et
313 2144 369 2198 duo
391 2141 505 2198 Helnsii
524 2145 604 2198 codd.
622 2141 760 2198 Prohouit
775 2143 811 2197 R.
830 2143 963 2214 Bentley²
1031 2143 1078 2200 68.
1102 2144 1192 2198 inesse
1208 2141 1285 2197 eolor

130 2231 208 2284 roni.
227 2227 264 2283 R.
280 2226 401 2282 Merkel.
461 2228 508 2284 67.
527 2228 575 2284 68.
599 2223 700 2283 ‘totum
716 2228 850 2283 distichon
867 2226 1040 2322 dubiaeaefidel
1058 2235 1099 2282 est
1115 2225 1283 2300 suspeetum’

134 2314 172 2368 N.
189 2313 335 2368 Heinsius.

224 2422 325 2487 Vides
350 2422 564 2506 omniafere,
595 2445 677 2508 quae
700 2422 778 2487 loeis
801 2423 889 2486 haud
913 2423 1013 2486 dubio
1034 2421 1285 2508 interpolatione
1335 2407 1345 2416 ’

136 2535 297 2620 corruptis
321 2535 349 2615 Ι,
364 2533 431 2614 2,8
455 2556 503 2619 sq.
527 2543 559 2596 et
581 2532 627 2614 ΙΙ,
650 2536 681 2614 2,
697 2535 739 2597 33
755 2557 804 2619 sq.
827 2544 939 2597 notata
961 2541 1052 2615 sunt,
1075 2554 1117 2594 ne
1139 2533 1192 2595 hio
1215 2535 1283 2617 qui-

133 2644 211 2706 dem
237 2641 302 2707 loci
329 2643 454 2706 deesse.
505 2642 618 2706 Habes
646 2643 821 2707 leetionum
851 2643 1051 2707 uberrima-m
1080 2643 1282 2723 uarietatem,

131 2753 236 2817 habes
266 2735 450 2818 henametri
479 2752 625 2838 duphees
652 2755 868 2818 recensiones.
912 2753 1084 2817 Accedunt
1106 2751 1180 2825 alia.
1226 2752 1284 2814 Et-

132 2865 224 2927 enim
258 2864 286 2927 si
326 2863 552 2927 hexametrum
591 2886 686 2949 quem
727 2887 825 2951 supra
863 2845 1096 2950 adscripsimus
1139 2885 1209 2925 euin
1247 2883 1284 2925 eo
1330 2911 1334 2914 «

130 2995 232 3038 uersu
255 2975 419 3056 conferes,
444 2975 499 3058 qui
521 2973 562 3036 ab
586 2973 763 3057 Merkelio‚
793 2975 1054 3060 Hamburgensis
1077 2973 1153 3038 libri
1175 2982 1283 3037 aueto-

131 3087 268 3148 ritatem
293 3093 402 3148 secuto
426 3082 552 3147 deletus
577 3093 625 3147 est
648 3084 680 3167 Ι,
703 3085 734 3167 8,
757 3085 799 3149 20

59 3181 62 3185 ¹
142 3280 144 3282 .
342 3217 377 3258 se
399 3195 496 3258 nimis
519 3194 681 3258 ulciscens
705 3195 815 3257 extitit
837 3197 908 3281 ipse
930 3217 1067 3277 nocens,

134 3313 259 3391 quanta
281 3307 451 3390 utriusque
475 3305 517 3367 sit
540 3302 719 3368 similitudo
732 3327 807 3391 non
834 3314 867 3368 te
891 3305 1033 3388 effugiet.
1078 3303 1283 3389 Quamquam

133 3415 296 3499 originem
319 3416 489 3500 utriusque
512 3414 598 3479 fetus
621 3415 784 3478 diuersam
800 3415 901 3479 fuisse
916 3415 996 3478 mihi
1018 3437 1208 3502 persuasum
1224 3424 1283 3477 est.

137 3526 225 3588 Nam
248 3548 321 3589 eum
343 3548 458 3588 uersus
475 3525 501 3606 Ι,
519 3527 549 3608 8,
565 3526 607 3589 20
628 3524 764 3589 laeunae
787 3526 968 3613 explendae
992 3527 1101 3590 studio
1124 3526 1283 3610 originem

138 3634 290 3716 deberet,
315 3634 495 3720 exquibus
518 3658 632 3700 uersus
655 3637 702 3720 ΙΙ,
725 3638 756 3720 5,
780 3638 831 3702 67.
855 3639 895 3701 os
919 3638 1058 3703 deriuati
1079 3647 1155 3703 sunl
1177 3637 1283 3700 fontes

133 3745 180 3808 ad
203 3744 381 3830 marginale
409 3747 443 3816 ni
465 3745 563 3811 fallor
591 3746 736 3811 scholion
763 3747 913 3827 redeunt,
943 3749 1030 3834 quod
1057 3748 1208 3812 uersibus
1231 3748 1281 3809 69.

135 3857 179 3920 70
201 3854 339 3920 adlitum
363 3866 442 3920 erat.
487 3857 579 3949 Haeo
602 3859 687 3920 enim
709 3856 778 3921 fere
801 3860 956 3923 adnotata
979 3867 1092 3923 erant:'
1112 3857 1280 3920 ‘ambobus

135 3967 197 4050 (se.
226 3975 259 4030 et
286 3965 491 4053 eloquentiae
519 3978 551 4031 et
578 3969 683 4055 poesi)
712 3968 811 4032 dehet
839 3992 907 4034 esse
936 3968 1045 4034 color?
1091 3967 1188 4032 Unde
1216 3969 1281 4054 pri-

134 4099 225 4140 mum
248 4077 436 4142 hexameter
460 4088 565 4142 ortum
589 4081 684 4165 oepit,
709 4081 777 4163 eui,
796 4061 842 4143 *ne
864 4080 980 4143 lacuna
1002 4089 1102 4160 esset,
1126 4078 1213 4142 haud
1235 4079 1282 4142 ita

134 4186 238 4251 multo
261 4199 336 4274 post
357 4194 559 4276 pentameter
581 4190 712 4254 additus
742 4201 805 4273 est,
836 4213 930 4276 quem
959 4192 994 4253 in
1016 4190 1213 4254 editionibus
1237 4190 1280 4253 le-

135 4300 257 4384 gimus.
302 4297 368 4378 Qui
398 4284 470 4364 eum
493 4323 597 4386 neque
627 4300 884 4385 intellegeretur,
914 4324 1018 4387 neque
1047 4303 1281 4367 sententiarum

134 4411 239 4475 nexui
272 4411 350 4475 satis
387 4412 523 4494 faceret,
560 4434 623 4474 non
658 4411 762 4476 defuit
795 4414 850 4498 qui
884 4435 1003 4477 nouum
1042 4413 1281 4480 consarcinaret
