2902 4928
555 365 557 367 >
625 335 837 413 enarrarre.

500 492 709 554 Ornamentum
731 476 788 572 hoe
806 498 1000 557 bibliothecae

543 596 796 673 Constantinopoli
815 603 846 658 in

500 697 693 759 Germaniam
716 704 845 762 transla-

540 807 600 857 tam
622 816 685 859 meo
707 802 781 861 mihi

540 918 612 962 aere
633 905 811 978 eomparaui

459 1001 609 1076 Tuhinoae
633 1003 695 1063 Cal.
719 1005 789 1064 Ian.
811 1005 985 1064 MDCXXI

159 1123 219 1188 ubi
230 1122 325 1210 ‚quod
341 1123 547 1189 desideratur
561 1149 679 1191 nomen
694 1150 737 1190 ex
752 1127 864 1192 codice
874 1127 1014 1212 Vergilii
1029 1129 1311 1214 Argentoratensi,

154 1235 196 1298 in
220 1256 286 1320 quo
309 1233 423 1297 eadem
446 1245 521 1326 sunt
543 1236 589 1299 ita
611 1236 776 1326 suppleuit
796 1236 988 1301 Oberlinus:
1012 1243 1160 1303 Henricus
1176 1230 1313 1304 albertus
1362 1311 1367 1315 ⁸

108 1430 113 1438 Ι
155 1347 319 1424 Humilton
336 1348 441 1408 Bonus
461 1345 518 1430 (cf.
535 1346 682 1410 Oberlin.
704 1347 807 1434 praef.
830 1349 874 1411 ad
896 1370 967 1435 epp.
993 1370 1035 1411 ex
1051 1349 1088 1412 P.
1104 1374 1135 1436 p.
1154 1350 1220 1414 XV
1235 1353 1311 1438 sq.).

97 1523 99 1525 .
155 1455 217 1518 De
241 1463 314 1518 ortu
329 1455 430 1539 igitur
446 1456 568 1520 codicis
593 1456 765 1522 edocemur
786 1480 825 1521 ac
846 1458 886 1522 de
902 1459 1042 1544 quodam
1058 1461 1126 1523 eius
1142 1461 1247 1546 primo
1263 1461 1310 1546 (l)

152 1585 351 1653 possessore
379 1564 422 1628 H.
446 1567 488 1629 A.
511 1565 716 1649 Hamiltone,
753 1578 789 1631 ut
816 1579 925 1632 tamen
952 1591 1057 1654 neque
1085 1570 1126 1632 de
1153 1579 1310 1657 tempore,

154 1697 227 1762 quo
261 1673 347 1738 liber
378 1676 412 1738 in
441 1675 651 1741 Germaniam
684 1677 861 1742 translatus
896 1679 954 1760 sit,
985 1700 1090 1764 neque
1119 1678 1160 1742 de
1188 1701 1225 1743 eo
1255 1682 1310 1765 qui

153 1783 384 1867 transtulerit,
414 1785 528 1851 fiamus
557 1788 721 1851 certiores.
772 1787 994 1851 Hamiltonem
1021 1797 1107 1851 certe
1136 1787 1309 1853 bibliothe-

155 1917 221 1960 cae
255 1894 527 1979 Argentoratensi
560 1896 680 1961 librum
712 1897 797 1962 dono
831 1896 978 1980 dedisse,
1013 1898 1099 1983 quod
1133 1896 1308 1962 Oberlinus

152 2006 275 2070 nescio
299 2028 362 2091 quo
385 2028 493 2070 errore
516 2006 632 2072 ductus
656 2008 810 2090 coniecit,
840 2008 875 2071 id
897 2008 1014 2094 prioris
1038 2007 1177 2070 schedae
1198 2008 1308 2072 uerbis

152 2114 319 2200 redargui
340 2115 471 2180 uidetur
493 2116 561 2180 his:

437 2217 440 2223 κ
518 2239 673 2299 iohannes
701 2241 863 2300 Wercherr

519 2342 611 2416 Reip:
630 2349 710 2417 potr.
723 2360 757 2419 p.
774 2349 794 2402 t.
811 2345 915 2401 consul

520 2449 549 2504 et
567 2444 747 2511 ¹scholarcha
766 2443 835 2511 tim,
883 2473 885 2475 ·

519 2561 565 2604 ao.
591 2545 701 2604 Christi
722 2552 813 2605 1644.

156 2658 250 2723 hunc
261 2660 347 2722 enim
358 2659 465 2723 uirum
476 2657 655 2723 uerisimile
666 2669 716 2722 est
727 2657 960 2722 bibliothecam
976 2680 1013 2722 eo
1029 2658 1142 2721 codice
1158 2658 1307 2722 donasse.

248 2794 358 2880 Atque
384 2793 465 2857 haec
494 2795 625 2880 quidem
654 2794 695 2857 de
718 2793 840 2858 codicis
864 2794 1053 2859 condicione
1074 2803 1111 2858 ut
1132 2796 1179 2879 ita
1201 2795 1306 2858 dicam

158 2913 315 2971 externa:
338 2905 403 2967 iam
425 2913 461 2968 ut
482 2902 525 2967 ad
547 2899 657 2991 ipsum⁴
676 2913 803 2968 textum
825 2904 1005 2986 ueniamus,
1029 2904 1131 2989 siglae
1154 2926 1236 2991 quac
1258 2904 1307 2968 di-

158 3025 282 3080 cuntur
296 3015 364 3078 fere
380 3014 513 3078 eaedem
536 3025 626 3097 sunt,
651 3037 730 3100 quas
741 3015 785 3102 R.
802 3013 983 3079 Merkelius
1007 3037 1049 3079 ex
1063 3014 1308 3099 Hamburgensi

156 3127 304 3207 notauit,
328 3124 559 3212 orthographia
573 3148 631 3212 pro
647 3133 828 3211 temporum
844 3125 1064 3210 discrepantia
1078 3123 1306 3188 dissimillima.

158 3237 214 3301 Ne
236 3234 343 3298 dicam
365 3243 390 3299 is
406 3234 568 3322 syllabam
589 3236 624 3298 in
647 3236 737 3298 exitu
759 3235 1019 3298 accusatiuorum
1041 3232 1123 3296 decl.
1140 3232 1194 3297 III
1209 3254 1306 3317 quam

160 3348 194 3411 A
211 3347 278 3427 etii
294 3346 423 3431 saepius
447 3354 675 3428 seruauerunt,
699 3366 826 3432 semper
847 3346 882 3408 in
902 3364 934 3406 es
949 3365 1019 3406 esse
1033 3351 1200 3424 mutatam,
1215 3351 1307 3406 tanta

161 3465 215 3535 est
229 3455 403 3520 formarum
418 3457 572 3540 uarietas,
586 3465 623 3519 ut
639 3456 718 3541 quid
733 3456 852 3520 rationi
867 3454 996 3518 cuidam
1010 3452 1064 3517 uel
1079 3454 1306 3528 consuetudini

160 3565 373 3631 tribuendum
389 3567 447 3647 sit,
472 3566 551 3653 quid
574 3564 746 3630 scribentis
763 3567 878 3650 errori,
895 3565 1044 3650 dignosci
1066 3565 1134 3629 fere
1155 3575 1305 3651 nequeat.

159 3678 300 3761 Legitur
326 3676 395 3739 fere
423 3698 550 3763 semper
577 3680 685 3757 nichil,
718 3677 885 3740 rarissime
919 3682 1022 3755 michi,
1056 3697 1143 3740 nunc
1175 3683 1306 3753 quotiens

157 3810 249 3852 nunc
263 3794 388 3867 quoties,
412 3787 466 3850 hic
481 3792 577 3864 discut
591 3785 659 3850 illic
675 3789 793 3868 differt,
817 3788 1008 3873 saepissime
1023 3792 1145 3865 hiemps,
1162 3791 1304 3864 dampna,

159 3910 350 3980 autumpnus,
373 3896 535 3961 nonnullis
558 3897 638 3962 locis
660 3902 769 3978 hiems,
794 3910 972 3971 auttumnus,
995 3895 1082 3960 haud
1096 3897 1143 3958 ita
1157 3916 1230 3958 raro
1253 3901 1305 3957 tol·
1395 3977 1403 3991 ,

158 4018 277 4082 lerare,
300 4015 410 4081 iliaris,
434 4018 554 4085 accunt,
580 4014 754 4086 ammonitu,
778 3995 943 4072 cumuera
965 4029 1030 4070 non
1045 4005 1163 4086 desint,
1186 4003 1307 4089 legitur

161 4128 196 4183 et
219 4124 379 4197 thuraque,
402 4123 533 4195 thomite,
557 4122 669 4197 thoros,
699 4127 731 4182 et
753 4125 936 4199 teromeeton,
959 4122 1045 4194 itaci,
1070 4122 1304 4196 terminumque,

159 4236 336 4311 erictonius,
364 4240 457 4301 ortos,
489 4237 520 4292 et
549 4232 693 4306 horestee,
721 4234 869 4300 cohercet,
899 4228 1041 4308 harenis,¹
1065 4231 1172 4302 histro,
1202 4232 1303 4292 horas.

161 4349 254 4408 cett
273 4335 454 4423 mutantur,
478 4339 536 4404 sed
558 4349 594 4404 ut
615 4361 633 4404 c
655 4332 798 4404 crebrius
821 4347 985 4422 occurrat3
1010 4337 1305 4418 inuenitur'cercior

209 4461 296 4506 noun,
315 4463 382 4497 0v1u
400 4459 436 4494 ux
454 4459 554 4498 rouro.
1083 4444 1100 4494 b
