2902 4928
71 357 74 363 '
148 371 209 418 xvr
617 365 831 439 ΙΡΒΑΕΙἈΉΟ.

148 525 360 611 repetitiones
385 523 425 585 cf.
450 522 548 603 ΙΙ,9,
567 522 620 607 19)
643 521 695 585 uel
717 523 1011 608 interpretationis,
1036 543 1098 606 quo
1121 520 1155 584 in
1176 542 1299 605 genere

149 633 184 696 id
206 635 380 720 praecipue
410 641 594 716 grassatum
622 641 687 714 est,
719 631 805 718 quod
832 631 1036 712 notionibus,
1067 644 1149 715 quae
1178 633 1297 694 ceteris

151 744 320 808 codicibus
343 742 483 806 testibus
505 742 606 805 uerbo
629 741 852 829 praedicatiuo
881 751 1008 823 carent,
1037 743 1143 826 ipsum
1166 740 1202 802 id
1225 763 1294 804 uer·

150 854 245 936 bum,
269 853 322 917 uel
338 854 448 940 potius
465 834 760 936 tertia-singularis
784 852 910 916 numeri
931 851 1052 932 forma,
1075 873 1150 913 nam
1174 849 1294 943 casola

152 963 330 1048 agebatur,
354 962 468 1026 addita
491 972 549 1026 est.

52 1146 55 1151 ,
237 1072 512 1159 interpolatorum
527 1072 676 1136 codicum
691 1074 815 1158 primus
839 1081 888 1135 est
911 1071 1038 1136 codex
1059 1070 1299 1135 ARGENTORA-

151 1199 271 1247 rnnsls
296 1183 366 1268 (B),
389 1206 485 1269 quem
508 1183 664 1247 Heinsius
687 1181 816 1272 saeculo
838 1182 891 1246 XI
912 1182 1105 1268 adscripsit,
1136 1203 1195 1265 ego
1218 1181 1297 1246 duo·

30 1278 32 1282 ’
153 1294 272 1357 decimi
295 1295 404 1380 potius
426 1293 480 1356 uel
502 1294 592 1357 tertii
614 1293 732 1356 decimi
755 1290 876 1357 saeculi
899 1314 970 1356 esse
993 1290 1197 1356 crediderim.
1227 1291 1300 1355 Oo-

87 1395 90 1401 ’
153 1405 234 1487 dex,
259 1426 355 1489 quem
378 1403 417 1466 F.
434 1402 482 1466 Gr.
504 1404 750 1486 Bergmanni
772 1401 888 1465 decani
909 1401 1067 1466 beneficio
1090 1403 1124 1465 in
1145 1401 1301 1467 manibus

153 1514 266 1596 habui,
283 1513 476 1578 adseruatur
491 1514 525 1575 in
540 1512 739 1577 bibliotheca
761 1513 928 1576 seminarii
944 1511 1124 1597 euangelici
1135 1513 1301 1596 Argento-

104 1679 106 1683 ,
154 1626 292 1688 ratensis
315 1627 396 1708 (not.
421 1624 459 1686 O.
483 1623 524 1686 V.
547 1624 614 1709 27).
658 1623 692 1686 ls
716 1622 799 1686 liber
827 1623 939 1686 decem
967 1623 1035 1686 fere
1057 1622 1179 1706 digitos
1202 1621 1304 1704 altus,

153 1743 305 1821 quattuor
327 1734 452 1818 digitos
472 1731 555 1797 latus
578 1734 698 1818 uiginti
719 1733 824 1796 tribus
840 1734 953 1820 primis
976 1732 1080 1815 foliis,
1106 1744 1240 1818 quorum
1268 1733 1305 1795 in

156 1845 294 1929 singulis
317 1846 447 1930 paginis
477 1845 678 1930 quadrageni
705 1846 855 1930 quaterni
883 1853 958 1908 sunt
985 1865 1115 1925 uersus,
1148 1841 1305 1928 epistula-

156 1977 227 2016 rum
250 1956 456 2041 ponticarum
478 1956 621 2018 continet
644 1965 768 2039 partem
792 1956 932 2040 priorem
954 1953 996 2016 ab
1018 1936 1048 2036 l,
1072 1954 1104 2034 1,
1131 1955 1146 2016 1
1170 1990 1212 2000 -
1234 1951 1304 2034 ΙΙΙ,
1351 2018 1353 2022 ,

154 2064 190 2144 5,
214 2064 273 2146 34,
303 2085 376 2126 cum
403 2061 491 2126 foliis
519 2064 596 2126 inde
624 2063 667 2126 ab
698 2064 855 2126 uicesimo
888 2072 1002 2149 quarto
1030 2063 1073 2125 ad
1100 2055 1304 2125 tricesimum

155 2175 305 2256 tertium,
330 2173 569 2257 quinquagenis
592 2173 818 2259 persingulas
841 2174 981 2260 paginas
1000 2147 1168 2253 uersibus,
1196 2169 1304 2234 heroi·
1360 2260 1370 2277 ι

47 2338 52 2345 ,
158 2282 216 2346 des
241 2305 319 2368 quas
342 2292 461 2345 uocant
489 2280 653 2366 legantur,
682 2306 722 2346 ne
746 2305 802 2346 eae
831 2283 964 2369 quidem
990 2284 1152 2366 integrae,
1181 2281 1305 2368 quippe

155 2415 239 2480 quae
253 2386 352 2456 uersu
366 2392 469 2476 XIX,
485 2394 546 2458 231
570 2392 735 2456 finiantur.
779 2394 930 2457 Diuersis
952 2392 1152 2478 temporibus
1175 2400 1304 2455 utrum-

84 2562 89 2574 ,
156 2525 219 2589 quc
241 2495 321 2590 opus
346 2503 504 2589 scriptum
526 2526 598 2567 esse
619 2502 716 2567 facile
730 2503 946 2589 intellegitur,
970 2505 1039 2567 siue
1063 2502 1206 2566 chartam
1229 2525 1303 2588 spe-

156 2623 223 2676 ctas
256 2611 325 2676 illic
353 2636 496 2677 crassam
523 2613 577 2676 bio
604 2615 845 2697 tenuissimam,
874 2615 944 2676 siue
972 2613 1153 2677 litterarum
1182 2615 1304 2676 ductus

155 2725 190 2786 in
212 2723 399 2788 heroidibus
423 2725 482 2786 uix
505 2723 633 2787 saeculo
655 2724 745 2787 XIII
772 2734 881 2811 aptos,
911 2745 968 2787 seu
996 2725 1136 2809 denique
1163 2723 1304 2786 formam

157 2835 281 2897 codicis
304 2835 410 2919 ipsam
432 2834 520 2896 haud
543 2833 642 2897 dubie
665 2855 706 2896 ex
728 2834 855 2899 duobus
878 2835 1119 2920 exemplaribus
1141 2831 1303 2896 a'biblio-

156 2965 240 3031 pego
271 2945 443 3030 conpositi.
487 2944 586 3008 Addo
619 2943 769 3007 heroidas
804 2945 845 3008 ab
877 2945 1014 3009 Loersio
1044 2943 1188 3008 conlatas
1218 2964 1304 3026 esse,
1338 2991 1345 2995 -

158 3053 232 3136 sed,
267 3055 459 3140 praesertim
488 3053 546 3117 ubi
576 3053 741 3118 oculorum
770 3056 840 3118 acie
867 3077 947 3142 opus
985 3064 1068 3137 erat,
1106 3076 1221 3141 parum
1248 3075 1303 3116 ac-

157 3174 278 3258 curate.

188 3322 190 3326 ,
243 3275 468 3362 Epistularum
491 3277 694 3362 ponticarum
717 3274 821 3341 codex
842 3277 940 3340 trium
964 3286 1013 3340 est
1035 3277 1193 3364 partium,
1217 3276 1306 3338 inter

158 3410 193 3451 se
209 3387 276 3449 fere
292 3384 492 3472 aequalium,
516 3409 535 3448 a
550 3386 690 3451 diuersis
712 3387 898 3451 hominibus
921 3396 1143 3468 exaratarum,
1167 3406 1306 3470 quarum

138 3485 139 3489 ¹
159 3498 265 3582 prima
286 3496 328 3560 ab
351 3498 379 3578 I,
404 3497 433 3577 1,
459 3496 475 3559 1
499 3496 541 3558 ad
564 3495 591 3578 I,
615 3498 645 3576 9,
661 3497 703 3559 28
725 3498 881 3583 pertinet,
904 3496 1007 3559 altera
1028 3496 1070 3560 ab
1093 3497 1120 3580 I,
1144 3496 1174 3577 9,
1197 3495 1239 3557 29
1260 3495 1306 3557 ad

159 3606 205 3686 Il,
229 3605 259 3685 9,
282 3605 335 3687 21,
357 3606 455 3667 tertia
476 3605 517 3668 ab
540 3605 587 3687 II,
611 3606 641 3687 9,
657 3606 699 3669 22
721 3605 762 3669 ad
785 3607 850 3690 III,
873 3607 903 3689 5,
920 3607 972 3672 33.
1016 3606 1216 3670 Pentametri
1237 3627 1306 3668 non

160 3715 301 3797 reducti,
325 3713 482 3779 librorum
496 3738 602 3802 neque
617 3716 712 3781 initia
726 3727 838 3781 notata
859 3739 963 3804 neque
987 3720 1111 3801 exitus,
1135 3717 1200 3781 nisi
1216 3716 1306 3800 quod

159 3827 194 3889 in
216 3847 341 3888 summa
367 3827 486 3912 pagina
513 3828 626 3913 prima.
648 3827 754 3892 colore
781 3826 858 3891 olim
890 3828 1016 3911 rubro,
1041 3850 1127 3892 nuno
1164 3825 1305 3890 euanido

159 3937 240 4001 haec
262 3937 384 4023 scripta
406 3945 497 3999 sunt:
520 3943 632 4016 Inciprt
651 3940 741 4002 ourdr'
765 3944 802 4002 de
821 3953 911 4018 ponto
932 3945 1013 4002 adh
1027 3987 1139 4004 .....
1169 3937 1304 4022 Epistu-

160 4047 263 4110 larum
291 4046 493 4132 singularum
526 4048 614 4112 tituli
641 4049 751 4112 rubro
767 4048 873 4114 colore
900 4051 980 4136 picti
1006 4049 1163 4111 linearum
1192 4048 1304 4129 singu-

160 4156 263 4221 larum
291 4161 396 4243 spatia
425 4157 567 4245 explent.
618 4158 755 4224 Schedis
784 4159 910 4224 duabus
938 4159 1044 4224 codici
1072 4157 1232 4245 adpositis
1262 4156 1304 4218 de

161 4269 287 4352 origine
325 4269 394 4333 eius
431 4269 593 4334 docemur.
653 4270 799 4350 Quarum
829 4272 864 4334 in
898 4269 1000 4334 altera
1035 4271 1115 4334 haec
1152 4268 1305 4352 leguntur

162 4381 299 4465 scripta:
351 4449 352 4453 Ἰ
