2902 4928
38 374 42 381 ·
152 356 239 404 XXVI
613 356 823 409 PRAEFATIO.

152 509 254 573 multa
287 510 370 573 enim
408 533 534 595 corum,
571 535 653 599 quae
687 534 842 600 peruersa
870 522 901 577 et
929 513 1012 578 falsa
1039 516 1075 578 in
1103 515 1297 582 lectionibus

151 641 194 682 ex
216 619 248 684 G
271 622 409 684 enotatis
439 622 666 705 inueniuntur,
695 623 821 687 scribae
848 623 1074 709 neglegentiae
1101 626 1188 691 haud
1219 650 1316 691 sane-

90 795 95 801 ,
151 751 272 816 paruae
299 730 499 813 tribuanturp
528 742 576 798 tot
604 743 713 798 tamen
739 733 881 819 taliaque
904 743 1015 799 textus
1037 735 1090 799 uel
1114 738 1297 802 exornandi

150 840 204 904 uel
247 840 434 928 expoliendi
476 830 576 907 studii
616 845 810 909 documenta
845 825 1091 931 glossarumquc
1127 846 1319 936 relliquiae

150 959 293 1032 restant,
330 961 367 1015 ut
402 953 510 1038 ipsum
543 953 665 1018 codicis
701 954 797 1019 huius
827 955 1041 1043 archetypum
1070 957 1197 1023 saeculo
1225 959 1297 1024 XII

150 1061 366 1146 antiquiorem
404 1063 464 1126 uix
500 1063 680 1130 habuerim.
746 1066 856 1150 Atque
896 1076 932 1129 ut
964 1065 1045 1130 haec
1080 1088 1157 1131 uere
1189 1091 1210 1133 a
1244 1091 1297 1133 me

151 1193 223 1235 esse
251 1171 339 1235 dicta
360 1171 548 1259 intellegas,
583 1175 641 1239 has
664 1174 741 1238 uide
774 1196 816 1238 ex
843 1177 955 1261 paucis
983 1178 1180 1242 carminibus
1210 1201 1296 1243 sum·

151 1290 200 1345 tas
229 1280 400 1347 lectiones:
445 1283 478 1365 Ι,
509 1287 541 1361 1,
563 1286 585 1350 4
611 1291 689 1350 obde
716 1290 801 1350 modo
861 1288 898 1348 11
926 1299 959 1349 ut
987 1292 1039 1351 iios
1097 1287 1136 1352 19
1164 1309 1218 1352 nec
1246 1301 1296 1352 to-

151 1413 217 1456 men
272 1393 311 1457 51
335 1400 492 1472 iuniperoe
546 1396 585 1460 67
608 1401 683 1462 milri
703 1401 805 1461 tabido
861 1396 902 1460 69
922 1402 1081 1476 putredine
1137 1398 1178 1461 74
1199 1406 1297 1475 confi-

150 1509 266 1567 cientur
322 1504 363 1569 75
390 1510 503 1570 stimuli
527 1517 650 1569 mentem
706 1507 745 1570 77
773 1510 880 1571 credat
935 1507 966 1588 I,
994 1509 1014 1571 2
1021 1508 1073 1587 ,5
1101 1516 1223 1585 quoeris
1277 1511 1296 1573 6

151 1621 254 1694 quisue
307 1615 481 1681 8oduerso
542 1618 582 1680 14
603 1624 743 1688 confiteor
796 1617 836 1682 38
859 1621 1026 1681 admitteret
1079 1619 1121 1682 54
1142 1625 1207 1698 ipse
1255 1621 1294 1683 57

150 1732 316 1804 liquescunt
382 1727 440 1791 101
463 1732 516 1792 sub
543 1750 577 1793 eo
604 1739 648 1793 est
673 1735 716 1793 sie
740 1735 779 1791 sit
836 1728 895 1792 102
916 1739 988 1791 eant
1063 1729 1120 1791 121
1145 1749 1204 1791 non
1225 1734 1298 1793 mihi

154 1837 192 1900 13
216 1845 343 1917 propior
377 1844 457 1903 uitae
513 1839 573 1903 133
601 1847 652 1903 ille
678 1859 733 1916 epo
758 1847 822 1903 sum
849 1843 916 1906 dixi
971 1838 1032 1901 134
1060 1843 1156 1902 medio
1182 1846 1297 1921 scripm

151 1952 291 2011 canendo
309 1951 381 2023 soro
436 1947 463 2028 Ι,
485 1949 514 2029 3,
540 1951 578 2013 13
601 1954 639 2012 de
660 1961 761 2012 nostro
782 1968 908 2026 corpore
928 1969 1042 2028 poenae
1104 1948 1146 2015 25
1168 1963 1235 2014 orte
1255 1964 1298 2014 est

151 2058 191 2121 37
215 2077 299 2121 romu
321 2069 365 2122 est
419 2057 462 2121 42
484 2079 542 2121 non
585 2060 627 2124 49
648 2064 789 2122 extremis
832 2059 873 2122 59
895 2065 1020 2136 snpittns
1064 2058 1104 2123 93
1124 2073 1217 2137 proto
1239 2081 1296 2124 em-

151 2175 251 2231 tuntos
307 2167 349 2231 94
368 2175 570 2246 consuluitque
624 2168 655 2249 Ι,
679 2169 714 2249 4,
736 2167 779 2232 20
800 2174 904 2232 adesse
947 2169 989 2233 30
1010 2177 1090 2234 timet
1133 2171 1173 2234 37
1197 2178 1297 2234 amin-

151 2291 219 2344 tone
259 2278 288 2360 Ι,
310 2277 340 2359 5,
361 2276 403 2341 22
424 2290 533 2342 montes
575 2281 616 2345 33
640 2285 714 2358 quid
735 2318 774 2325 —
799 2299 873 2357 apro
927 2279 967 2342 37
990 2286 1082 2343 euitat
1137 2281 1178 2344 58
1201 2287 1297 2345 modis

153 2391 192 2454 77
215 2393 383 2453 miserabile
440 2390 466 2469 Ι,
489 2391 519 2473 7,
538 2391 575 2453 11
590 2396 703 2471 premit
747 2389 786 2452 12
803 2401 923 2468 pupout
967 2390 1005 2453 13
1026 2410 1080 2480 nos
1101 2394 1188 2453 iubet
1211 2395 1295 2455 tinec.

163 2539 171 2552 ι
238 2499 377 2565 Codex
411 2515 588 2564 conrnune
617 2500 709 2584 (228)
739 2499 796 2584 (L)
826 2520 921 2584 quem
953 2500 1193 2564 Bethmanni
1233 2503 1298 2565 uiri

151 2610 380 2674 humanissimi
416 2609 574 2676 beneficio
612 2612 647 2673 in
683 2609 832 2673 manibus
870 2608 988 2689 habui,
1033 2609 1296 2675 membranaceus

152 2721 240 2785 foliis
262 2720 309 2784 LI
331 2721 446 2807 primis
468 2721 569 2785 libros
593 2721 761 2784 ex·Ponto
784 2720 929 2803 integros
953 2741 1035 2782 saec.
1056 2719 1154 2798 XIII,
1177 2722 1297 2805 uiginti

152 2832 257 2896 tribus
280 2829 368 2895 foliis
391 2829 491 2895 Statii
512 2830 699 2911 Thebaida,
723 2839 848 2916 septem
871 2839 904 2892 et
925 2828 1038 2892 decem
1060 2827 1183 2893 ultimis
1200 2829 1295 2894 Olau-

153 2942 242 3005 diani
270 2941 311 3004 de
339 2949 434 3025 raptu
457 2940 670 3028 Proserpinae
700 2961 830 3003 carmen
857 2939 955 3022 (saec.
980 2939 1079 3024 XIV)
1110 2939 1296 3026 complecti—

151 3063 214 3118 tur.
264 3051 392 3114 Primae
419 3052 522 3137 partis
550 3052 688 3137 paginae
715 3049 888 3136 pleraeque
917 3050 1114 3114 tricenorum
1144 3050 1296 3114 binorum

151 3162 205 3228 uel
237 3172 401 3227 ternorum
435 3171 511 3226 sunt
542 3183 711 3241 uersuum,
748 3163 910 3258 margines
944 3158 1002 3224 lati
1035 3159 1168 3224 scholiis
1202 3171 1298 3226 textu

151 3273 253 3339 multo
281 3272 516 3338 recentioribus
539 3272 670 3359 repleti,
699 3272 831 3337 scholiis
854 3270 1117 3336 interlinearibus
1142 3280 1173 3334 et
1195 3272 1298 3338 uariis

85 3400 88 3408 '
152 3384 348 3450 lectionibus
376 3392 485 3448 textus
513 3382 642 3448 abunde
669 3404 833 3468 aspersus.
878 3379 981 3445 Tituli
1011 3402 1116 3467 neque
1139 3380 1297 3446 librorum

153 3504 267 3559 extant
288 3513 392 3578 neque
415 3493 642 3578 epistularum,
669 3513 751 3577 quae
773 3489 910 3554 lineolae
933 3493 1038 3578 spatio
1061 3490 1184 3555 distant
1207 3502 1296 3556 sunt-

154 3626 216 3692 que
248 3602 344 3667 litera
376 3604 480 3687 prima
513 3600 566 3665 uel
598 3601 697 3666 rubro
729 3603 783 3666 uel
817 3601 962 3666 caeruleo
996 3601 1101 3666 colore
1131 3603 1220 3687 pieta
1247 3602 1296 3665 in-

153 3715 303 3798 signitae.
350 3711 495 3778 Contulit
524 3711 643 3796 librum
665 3714 709 3777 N.
734 3712 891 3777 Heinsius
920 3733 939 3774 a
967 3711 1134 3776 Bernardo
1161 3711 1297 3776 Rotten-

153 3824 291 3911 dorphio
318 3822 462 3903 medico,
492 3824 583 3886 cuius
610 3845 728 3887 nomen
749 3822 791 3886 ab
813 3823 916 3908 ipsius
938 3833 975 3886 ut
997 3831 1075 3908 puto
1097 3843 1195 3886 manu
1218 3825 1297 3886 seri-

152 3945 245 4022 ptum
278 3936 312 3999 in
344 3933 465 4022 pagina
494 3934 601 4020 prima
634 3942 738 4013 extat,
772 3942 958 4018 acceptum,
993 3942 1024 3996 et
1052 3954 1072 3994 a
1099 3933 1298 4018 possessoris

153 4046 283 4111 nominc
304 4042 643 4130 Rottendorphianum
670 4043 792 4123 dictum
814 4041 987 4128 aliquoties
1010 4040 1133 4105 laudat.
1162 4041 1298 4106 'Ortho-

154 4154 290 4242 graphia
313 4178 408 4242 quam
432 4153 545 4221 dicunt
567 4152 714 4220 codiciF
735 4150 902 4215 simillima
923 4161 988 4234 est,
1012 4151 1114 4236 siglae
1137 4150 1299 4239 plurimae

154 4288 214 4329 nec
237 4287 364 4351 semper
386 4265 561 4353 simplices.
600 4264 730 4331 Codicis
754 4264 931 4326 auctoritas
955 4262 1001 4325 eis
1025 4262 1207 4348 dequibus
1231 4265 1299 4348 egi*-

153 4399 226 4442 mus
253 4377 355 4442 maior
381 4377 523 4442 uidetur.
567 4375 642 4440 Etsi
670 4353 755 4438 enim
784 4373 864 4438 satis
892 4369 1010 4438 multas
1040 4381 1071 4437 et
1098 4372 1298 4460 corruptelas
