2902 4928
626 337 674 382 EX
695 336 809 384 PONTO

276 491 468 576 participem
489 489 591 554 studii
614 489 734 554 Cacsar
756 489 876 554 habere
898 489 989 556 solet.
1018 478 1027 494 ’

233 609 270 664 tu
293 621 400 664 eomes
422 601 590 686 antiquus,
613 608 651 662 tu
672 600 786 684 primis
808 601 937 665 iunctus
960 602 1002 666 ab
1024 606 1118 668 annis

278 710 410 794 ingenio
431 731 536 773 mores
559 709 790 795 aequiperante
811 710 930 796 places.

175 826 215 884 45
238 829 270 884 te
293 819 421 882 dicente
442 819 533 904 prius
554 818 592 882 fit
613 819 761 904 protinus
783 820 924 905 impetus
947 820 996 885 illi
1003 872 1012 905 ,

280 940 378 1015 teque
399 927 498 992 habet
526 927 636 992 elicias
660 929 716 1014 qui
737 951 796 992 sua
817 929 918 993 uerba
939 933 1014 996 tuis.

239 1061 312 1104 cum
332 1049 369 1103 tu
391 1038 507 1102 desisti
527 1036 740 1124 mortaliaque
762 1061 818 1102 ora
840 1041 991 1125 quierunt

279 1159 430 1234 tectaque
451 1170 517 1213 non
538 1147 636 1233 longa
658 1149 842 1213 conticuere
863 1172 970 1232 mora,

237 1260 342 1342 surgit
363 1257 455 1322 Iuleo
477 1259 605 1322 iuuenis
628 1259 820 1343 cognomine
843 1252 977 1344 dignus,

175 1375 216 1432 50
280 1367 384 1454 qualis
406 1368 449 1431 ab
472 1369 539 1432 eois
561 1367 678 1431 lucifer
700 1378 789 1432 ortus
810 1370 914 1454 aquis.

237 1477 378 1563 dumque
400 1476 498 1540 silens
520 1477 644 1559 adstat,
669 1487 772 1542 status
797 1488 846 1542 cst
867 1478 1042 1566 uultusque
1064 1481 1196 1564 diserti,

279 1609 434 1675 spemque
457 1587 575 1652 decens
598 1588 714 1652 doctae
735 1589 825 1652 uocis
848 1589 987 1654 amictus
1010 1590 1119 1655 habet.
1273 1672 1280 1683 ι

237 1720 330 1781 mox,
354 1697 411 1761 ubi
434 1697 528 1784 pulsa
550 1720 640 1763 mora
662 1707 712 1762 est
734 1707 831 1784 atque
854 1721 888 1763 os
912 1699 1052 1766 caeleste
1075 1700 1227 1783 solutum,

280 1807 342 1872 hoc
364 1830 497 1896 superos
520 1809 608 1872 iures
630 1830 719 1872 more
741 1807 846 1872 solere
867 1807 972 1895 loqui,
1040 1892 1049 1907 Ι

174 1924 213 1982 55
236 1927 334 2004 atque
356 1919 449 1982 ‘haee
472 1923 533 1981 est'
556 1916 646 1980 dicas
669 1916 836 1982 ‘facundia
857 1920 1005 2006 principe
1027 1919 1156 2004 digna’:

280 2027 407 2113 eloquio
430 2037 557 2091 tantum
579 2026 759 2092 nobilitatis
778 2030 875 2092 inest.

237 2137 313 2200 huic
334 2147 372 2201 tu
394 2158 467 2200 cum
488 2137 617 2224 placeas
641 2147 672 2202 et
694 2140 817 2202 uertice
840 2138 948 2202 sidera
970 2149 1101 2224 tangas,

279 2249 401 2334 scripta
422 2257 530 2311 tamen
552 2247 683 2334 profugi
704 2249 788 2312 uatis
812 2248 962 2312 habenda
984 2260 1089 2336 putas.

237 2355 362 2422 seilicet
384 2359 524 2442 ingeniis
546 2355 656 2443 aliqua
678 2368 726 2422 est
748 2358 921 2424 concordia
944 2360 1062 2423 iunctis
1073 2409 1082 2442 ,

176 2474 216 2530 60
280 2476 312 2530 et
333 2475 442 2530 seruat
464 2466 566 2530 studii
587 2465 719 2531 foedera
741 2471 879 2555 quisque
902 2469 967 2532 sui:

238 2577 378 2640 rusticus
400 2575 593 2660 agricolam,
616 2575 708 2640 miles
730 2577 800 2641 sera
822 2577 908 2642 bella
929 2587 1112 2662 gerentem,

280 2695 437 2749 rectorem
460 2685 579 2749 dubiae
601 2687 712 2750 nauita
733 2689 851 2774 puppis
873 2698 971 2752 amat.

237 2805 274 2859 tu
297 2817 424 2882 quoque
446 2793 614 2860 Pieridum
635 2796 759 2878 studio,
784 2797 945 2880 studiose,
968 2800 1105 2880 teneris,

220 3063 253 3109 42
271 3060 413 3110 studiisE
464 3064 498 3111 43
516 3064 627 3124 antiqua
645 3063 668 3110 L
687 3063 840 3127 antiquoC
865 3065 986 3126 antiquis
1003 3065 1052 3113 DE
1076 3061 1088 3129 ΙΙ
1111 3065 1205 3128 primis
1228 3067 1297 3115 mihi

152 3128 299 3178 iunctusG
318 3129 455 3192 primusP
506 3131 540 3178 44
558 3128 972 3196 aequiparanteCDEGNPssis]
1025 3136 1058 3183 45
1071 3134 1100 3180 tit
1112 3133 1234 3196 protinus
1247 3150 1295 3187 οηι,

44 3193 51 3209 ⁴
152 3192 202 3262 All
221 3196 345 3246 discente
361 3192 386 3261 [s
398 3197 425 3245 in
436 3193 499 3260 ran]
514 3197 535 3244 F
555 3198 631 3260 prius
649 3197 758 3248 dicendi
777 3202 819 3246 est
836 3199 953 3262 impetus
966 3202 989 3248 L
1041 3203 1075 3250 46
1087 3206 1117 3247 ut
1130 3215 1179 3248 sua
1192 3201 1214 3247 F
1233 3217 1295 3249 eum

153 3280 203 3314 sua
219 3281 235 3313 τ
286 3267 319 3313 47
338 3263 448 3313 desistis
467 3263 668 3330 BEFGLNPd²
719 3265 752 3314 48
770 3271 901 3328 tectaque
919 3266 1090 3315 ABDEPGL
1110 3271 1251 3331 tectaque,
1270 3271 1297 3317 in

152 3348 245 3395 mara:
265 3337 358 3380 ctera
377 3331 472 3380 clausa
491 3331 511 3380 P
531 3331 678 3395 clausaque
698 3331 770 3396 ΟΝψ
791 3330 836 3396 [cs.
859 3333 936 3396 Verp.
956 3334 989 3384 A.
1010 3335 1044 3396 X,
1056 3331 1113 3397 101]
1134 3337 1295 3386 continuere

154 3400 175 3449 O
227 3402 260 3449 49
279 3414 362 3462 surge
385 3399 453 3447 iulio
472 3397 496 3446 A
518 3401 607 3464 surgit
629 3400 664 3449 ab
683 3400 750 3449 iulio
768 3400 790 3448 L
810 3401 897 3463 surgit
920 3401 954 3449 ab
977 3401 1020 3449 his
1042 3401 1150 3451 iuuenis
1168 3402 1219 3450 iuli
1236 3403 1259 3451 E

153 3468 241 3515 dictus
254 3467 276 3514 E
289 3483 330 3530 pr.
345 3468 370 3517 d.
384 3469 399 3514 l.
415 3465 462 3531 (Ξψ
481 3465 529 3534 dos
551 3467 578 3514 di
600 3482 648 3516 nus
666 3468 688 3516 F
735 3470 768 3518 50
787 3468 886 3516 lucifer
898 3469 955 3518 exit
969 3467 1017 3531 Οψ
1068 3471 1099 3518 51
1114 3485 1228 3532 eumque
1242 3471 1265 3518 L

154 3534 237 3583 silent
255 3533 327 3582 CDE
347 3533 431 3582 silens
451 3534 563 3583 afflatr
594 3530 597 3599 l
625 3540 666 3583 est
684 3551 729 3585 om.
752 3536 774 3584 P
798 3531 809 3602 ll
837 3535 979 3585 desertiA
1048 3539 1080 3586 52
1104 3551 1219 3600 spesque
1236 3537 1284 3600 ΒΙ

153 3601 257 3651 doeens
279 3601 450 3651 ABCDFGL
478 3602 579 3650 docens
606 3602 628 3649 l’
651 3607 748 3652 tacens
775 3604 798 3652 E
826 3606 923 3652 tacens
942 3602 959 3670 β
977 3620 1012 3653 ece
1035 3620 1103 3655 corr.
1126 3599 1138 3669 ll
1163 3605 1244 3654 docte
1271 3606 1296 3654 A

153 3669 229 3719 docti
247 3670 269 3718 B
289 3667 301 3735 ll
325 3671 429 3718 amicus
455 3667 711 3735 ABCDEFGLNlis
738 3670 826 3720 habes
850 3670 871 3719 Ο
899 3673 1016 3722 amictus
1034 3673 1070 3725 H.
1097 3665 1148 3735 [cll.
1177 3671 1295 3731 Quinctil.

153 3738 203 3796 XI,
224 3734 252 3802 3]
324 3739 356 3785 53
376 3736 466 3799 adque
487 3737 506 3784 P
530 3733 542 3801 ΙΙ
565 3736 685 3785 solutum
708 3743 750 3786 cst
768 3738 838 3787 CEL
907 3741 940 3788 54
959 3739 1047 3802 adque
1070 3739 1121 3788 hoc
1140 3739 1161 3787 P
1183 3735 1195 3805 11
1219 3740 1295 3788 iuras

153 3819 266 3870 superos
284 3804 306 3852 E
329 3800 341 3869 ll
362 3804 422 3852 uiro
439 3820 513 3854 more
532 3805 554 3852 B
573 3819 619 3852 ore
638 3804 660 3852 l’
679 3821 751 3856 more
771 3805 793 3853 E
819 3801 830 3872 ll
852 3804 959 3855 soluere
976 3807 999 3854 A
1017 3807 1113 3856 solane
1131 3824 1146 3856 τ
1207 3809 1239 3857 55
1259 3807 1294 3856 ad

153 3888 231 3937 quem
249 3871 320 3921 haec
339 3873 352 3919 5
370 3870 394 3919 A
412 3871 500 3936 adque
513 3871 569 3929 hoc
586 3870 608 3919 P
627 3871 697 3921 haec
715 3874 782 3922 utG
805 3871 816 3938 ΙΙ
839 3872 924 3938 digna
942 3874 996 3923 fac.
1015 3875 1102 3939 princ.
1122 3874 1199 3922 dicas
1218 3876 1241 3923 L

152 3943 184 3990 57
202 3944 232 3988 ut
250 3939 424 4004 complaceas
443 3939 464 3988 B
485 3955 544 3988 cum
564 3943 594 3987 tu
612 3940 658 3988 EF
681 3936 694 4006 Η
718 3955 777 3988 cum
795 3941 928 3991 uertices
946 3942 1038 3990 sidera
1056 3943 1162 3991 uertice
1176 3949 1214 3994 stt
1261 3945 1294 3992 58

151 4007 254 4056 habere
274 4006 295 4056 G
327 4004 331 4072 Ι
354 4007 594 4073 profuge-putes
616 4007 638 4056 F
707 4010 739 4058 59
764 4008 868 4071 aliquid
892 4009 1038 4058 eoncordia
1056 4008 1102 4058 AC
1127 4009 1233 4074 aliquid
1252 4014 1295 4059 est

153 4075 288 4124 cordiaB
313 4072 319 4140 l
348 4078 477 4125 nostrisc
528 4078 561 4127 60
579 4074 667 4126 sidera
686 4090 794 4139 queque
806 4076 883 4126 suiB
935 4076 1097 4126 cadunien
1148 4079 1181 4128 63
1200 4078 1293 4143 pigen-

152 4142 215 4191 dum
234 4142 324 4192 studio
343 4144 365 4192 B
383 4143 502 4194 studium
520 4145 544 4194 Α

237 4330 278 4389 48
301 4332 443 4407 clausaque
465 4301 530 4392 HM
