2902 4928
616 349 826 400 Panaciam.
1205 364 1297 411 xxm

148 506 307 592 seriptum
337 513 402 586 est,
432 502 623 589 utlitterae
650 504 709 566 uix
731 507 864 588 agnosci
892 509 1028 592 possint.
1074 511 1189 575 Codiei
1211 516 1240 577 si
1262 517 1296 579 in

48 690 51 695 Ι
146 617 340 678 uniuersum
363 622 490 700 spectes
512 634 577 675 non
599 611 736 676 multum
758 612 836 677 fidei
858 615 994 681 tribuas.
1040 620 1124 706 Nam
1146 626 1295 707 quamuis

147 723 433 811 interpolationes,
461 744 595 786 numero
619 721 705 785 haud
728 745 866 809 paucae,
896 729 974 791 satis
997 727 1086 794 leues
1109 731 1190 814 sint,
1220 745 1295 798 sunt

146 846 258 928 tamen
285 855 358 915 eae,
389 853 469 918 quae
499 854 561 917 quo
591 833 715 895 minore
743 835 848 920 spatio
875 857 895 897 a
922 835 1115 916 lectionibus
1143 821 1293 924 genuinis
1368 853 1373 866 ¹

146 943 289 1025 distent,
320 965 357 1007 eo
385 943 539 1006 maiorem
568 940 730 1004 fallaciam
758 945 954 1009 contineant.
999 947 1143 1012 Primum
1174 960 1316 1033 autem,

144 1064 184 1117 ut
207 1053 335 1137 singula
358 1073 477 1136 genera
506 1061 654 1135 tangam,
682 1050 840 1137 plurimae
868 1055 1079 1121 inueniuntur
1106 1057 1292 1147 discrepan-

117 1174 120 1179 ·
144 1165 214 1226 tiae
237 1185 279 1226 ex
300 1162 577 1250 praepositionum
600 1163 777 1226 mutatione
800 1173 889 1226 ortae
906 1164 958 1247 [01.
976 1166 1003 1247 Ι,
1026 1167 1056 1248 2,
1078 1168 1120 1232 95
1149 1178 1295 1250 repperit
1342 1194 1344 1199 ’

144 1271 175 1354 Ι,
199 1273 230 1354 2,
253 1273 294 1337 49
317 1278 517 1352 amplectitur
559 1270 588 1351 I,
612 1271 643 1353 ὃ,
667 1272 687 1334 3
709 1278 872 1350 inquirere
915 1274 957 1337 22
979 1280 1099 1356 efflant
1139 1277 1174 1360 Ι,
1197 1279 1228 1362 6,
1251 1281 1294 1344 40

139 1389 343 1462 praeposita
398 1381 430 1462 I,
454 1381 490 1462 8,
514 1381 557 1445 69
578 1387 771 1459 conprimat
814 1382 862 1464 ΙΙ,
886 1384 921 1465 2,
944 1385 985 1449 39
1005 1385 1142 1474 profer]
1166 1398 1236 1452 tum
1257 1399 1294 1453 ut

141 1513 353 1556 numerorum
376 1501 407 1554 ct
429 1490 598 1555 modorum
615 1488 653 1577 [1,
671 1491 758 1573 8,,26
774 1498 937 1558 accedant
993 1495 1038 1576 II,
1061 1495 1092 1577 2,
1113 1496 1152 1561 31
1171 1509 1295 1576 petant

143 1597 255 1682 ΙΙ,’2,
279 1603 318 1665 41
344 1622 463 1665 causas
506 1601 539 1681 I,
562 1602 593 1682 5,
617 1601 659 1664 25
681 1607 805 1666 laboris
848 1603 924 1685 153
948 1604 988 1668 31
1008 1626 1141 1683 papnas
1183 1606 1229 1669 ib.
1252 1607 1294 1671 69

142 1716 193 1776 bis
213 1711 363 1799 theatris]
373 1760 382 1793 ,
407 1713 454 1774 sic
480 1709 713 1775 uocabulorum
741 1710 897 1778 similium
913 1734 951 1775 ac
966 1735 1066 1800 prope
1081 1714 1168 1777 idern
1191 1701 1291 1799 signi-

140 1823 312 1886 ficantium
334 1820 577 1886 uicissitudines
608 1819 653 1906 [1,
677 1822 712 1902 4,
736 1821 778 1884 30
800 1828 880 1884 tirnet
922 1820 955 1903 Ι,
978 1823 1009 1904 5,
1035 1823 1072 1886 16
1094 1830 1203 1904 scripsi
1244 1824 1290 1907 ΙΙ,

58 1950 61 1955 ·
143 1934 176 2013 1,
199 1932 240 1996 21
263 1939 375 1996 luxisse
417 1931 702 2014 1,10,1211000
751 1932 796 1994 ib.
819 1931 859 1994 27
878 1933 1123 2011 permanetib.
1148 1934 1189 1998 39
1211 1942 1291 1997 testis

136 2046 267 2119 fractae
325 2042 376 2123 ΙΙ,
401 2045 433 2122 1,
457 2042 498 2104 33
526 2038 654 2126 clarosl,
688 2040 991 2105 animaduertuntur
1019 2044 1117 2106 ctiam
1146 2053 1290 2108 constru-
1362 2014 1369 2025 l

142 2153 271 2216 ctiones
287 2161 441 2233 nouatae,
460 2151 538 2214 boni
554 2149 678 2233 ingenii
693 2171 766 2214 raro
782 2160 880 2214 testes
899 2150 938 2238 [1,
954 2153 985 2234 3,
1002 2153 1043 2216 39
1058 2160 1117 2215 sint
1158 2152 1186 2235 I,
1202 2153 1233 2234 3,
1249 2154 1291 2217 49

140 2268 285 2324 extremis
327 2260 372 2324 ib.
396 2260 437 2324 85
459 2267 596 2338 ipnoseas
639 2259 666 2340 1,
690 2260 720 2338 5,
739 2261 781 2323 30
802 2281 897 2324 merim
955 2260 1000 2344 ΙΙ,
1027 2262 1109 2344 1,43
1131 2261 1288 2349 captiuos],

143 2370 287 2456 denique
319 2371 492 2434 uerborum
524 2370 793 2456 transpositiones
830 2368 873 2456 [1,
902 2370 940 2452 5,
967 2372 1007 2434 41
1037 2383 1204 2435 constanter
1235 2393 1289 2449 epo
1367 2440 1370 2447 ,

143 2481 179 2562 I,
204 2482 234 2564 t,
256 2481 295 2545 31
320 2492 402 2543 tanta
426 2483 527 2556 frater
592 2479 625 2559 I,
652 2480 706 2561 10,
729 2480 771 2544 43
799 2488 914 2543 minant
938 2485 1019 2543 nohis
1040 2481 1188 2568 meritam]
1217 2503 1289 2544 uer·
1314 2462 1316 2466 ¹

142 2591 247 2677 bique
270 2589 446 2676 copulatiui
468 2591 574 2652 minor
597 2610 673 2651 cura
699 2587 743 2674 [Ι,
767 2591 801 2670 3,
824 2590 866 2654 25
889 2599 953 2652 arte
975 2601 1019 2653 est
1072 2590 1139 2654 ibd.
1163 2592 1290 2656 661000

142 2714 187 2764 est
241 2701 333 2784 Ι,1’),
358 2700 508 2775 61Ῑο000
535 2713 578 2761 est
632 2698 672 2760 of.
697 2699 731 2780 Ι,
756 2700 789 2779 l,
812 2699 853 2763 23
875 2712 919 2762 est
944 2719 1007 2762 om.
1063 2699 1097 2780 I,
1121 2701 1155 2781 l,
1179 2702 1220 2764 33
1248 2714 1291 2765 est

141 2809 231 2897 ornl.
275 2811 344 2874 lam
373 2811 401 2872 si
430 2809 626 2888 adiunxero,
655 2810 701 2872 eis
729 2805 807 2873 locis
837 2789 955 2894 quibus
984 2809 1119 2874 lacunae
1147 2810 1288 2890 fuerunt,

142 2943 258 2984 uersus
285 2943 349 2984 non
371 2917 475 2982 solere
498 2919 612 2982 deesse
635 2920 746 3004 cisque
768 2919 886 3004 quibus
909 2920 1080 3006 archetypi
1102 2919 1198 2984 lectio
1221 2942 1289 2984 cor·

143 3040 241 3116 rupta
268 3029 345 3109 fuit,
374 3027 526 3112 uulgares
554 3030 695 3092 inueniri
723 3027 988 3114 interpolationes
1013 3028 1066 3117 [01.
1090 3029 1121 3109 l,
1145 3030 1180 3110 2,
1205 3029 1288 3116 101[,

142 3141 210 3204 nisi
237 3139 324 3226 quod
351 3139 384 3220 I,
413 3141 448 3220 4,
475 3139 516 3203 36
545 3161 618 3203 cum
646 3140 837 3202 Bersmanni
865 3137 948 3201 libro
978 3145 1103 3202 ‘sacra’
1132 3114 1288 3202 traditum

145 3261 212 3332 est,
236 3250 277 3313 de
299 3251 492 3313 auctoritate
516 3248 596 3312 libri·
615 3251 673 3312 uix
696 3251 757 3312 crit
780 3247 866 3332 quod
889 3248 1084 3332 ambigatur.

229 3359 342 3425 Codex
365 3360 412 3440 D,
441 3358 524 3426 bibl,
554 3361 668 3445 imper.
698 3358 867 3421 Parisinae
896 3379 945 3419 nr.
968 3357 1052 3420 8239
1081 3377 1164 3420 saec.
1197 3356 1286 3422 XIII

144 3470 427 3550 membranaceus,
473 3468 624 3534 foliorum
663 3469 737 3549 169,
782 3466 904 3531 formae
947 3465 1106 3551 oblongae
1142 3467 1287 3547 minoris,

145 3582 305 3645 fastorum
332 3580 541 3665 tristiumque
568 3578 668 3642 libros
698 3579 838 3664 indeque
866 3599 885 3640 a
913 3576 968 3642 fol.
994 3577 1167 3641 116-169
1186 3575 1287 3640 libros

145 3690 198 3755 ‘dc
219 3692 337 3755 Ponto'
361 3691 515 3754 continet.
552 3689 592 3752 In
615 3689 761 3772 margine
783 3687 903 3772 legitur
926 3687 988 3752 ‘Ol
1012 3688 1175 3752 Puteani’.
1212 3685 1287 3766 Quo
1389 3710 1394 3719 *

145 3801 186 3864 de
213 3800 298 3864 libro
326 3822 367 3863 ne
391 3798 508 3884 longus
531 3801 606 3879 sim,
637 3819 678 3860 ex
700 3799 813 3883 primis
836 3796 913 3862 libri
935 3799 1032 3884 primi
1055 3799 1195 3883 quinque
1218 3817 1286 3858 car·

144 3910 302 3991 minibus,
338 3911 466 3974 omissis
500 3930 582 3994 quae
615 3909 716 3972 errori
746 3918 851 3972 ortum
878 3907 998 3971 debere
1025 3909 1097 3994 uisa
1125 3914 1213 3984 sunt,
1249 3925 1287 3966 ea
1370 3971 1371 3974 Ἴ

144 4019 321 4108 adponam,
350 4009 432 4106 quae
459 4018 513 4082 uel
541 4021 575 4083 in
596 4020 628 4082 D
651 4017 719 4083 solo
747 4017 801 4082 uel
822 4018 935 4104 paucis
958 4039 1032 4080 cum
1056 4037 1092 4078 00
1115 4013 1206 4077 libris
1230 4035 1286 4077 ex-

143 4132 248 4196 tantia
274 4131 421 4195 enotaui:
461 4129 494 4210 I,
526 4131 602 4211 1,6
636 4149 733 4205 nean¹
771 4130 810 4191 14
837 4133 938 4204 aspice
1000 4125 1042 4189 23
1070 4129 1143 4203 qaid
1199 4123 1238 4188 19
1259 4135 1289 4188 et

145 4242 186 4306 25
213 4263 273 4306 non
338 4243 378 4306 31
409 4247 488 4319 qaod
513 4245 578 4318 qais
642 4239 685 4303 40
712 4243 782 4300 darn
846 4237 888 4300 43
915 4247 1033 4298 manent
1105 4235 1147 4298 46
1174 4255 1286 4312 mapna

146 4351 334 4430 {liifaciant
359 4371 430 4430 erpo
490 4349 548 4414 121
577 4356 669 4413 malta
699 4362 775 4412 mern
803 4352 915 4412 cohibet
940 4358 969 4410 et
989 4367 1091 4428 poena
1148 4344 1207 4408 146
1235 4350 1286 4408 in-
