2902 4928
575 372 636 456 IV,
662 380 709 446 ra,
733 378 867 441 20-52.

280 540 445 605 clauderet
466 542 634 629 inparibus
657 543 758 607 uerba
782 543 916 630 Capella
937 545 1058 608 modis:

236 673 374 737 cumque
397 653 502 715 forent
524 650 597 735 alii,
622 674 759 737 quorum
781 653 863 716 mihi
885 663 1002 716 cuncta
1023 654 1144 725 referre

278 763 410 825 nomina
432 761 529 846 longa
550 784 642 826 mora
665 773 730 846 est,
755 764 898 826 carmina
919 763 1036 847 uulgus
1059 763 1173 827 habet:

237 881 346 935 essent
368 880 400 935 et
421 873 573 954 iuuenes,
598 894 733 958 quorum
757 875 843 959 quod
865 873 990 936 inedita
1012 895 1089 937 cura
1112 883 1177 954 est,

172 987 215 1045 40
279 975 547 1068 adpellandorum
568 980 616 1044 nil
637 982 718 1046 mihi
741 985 820 1048 iuris
843 983 949 1047 adest.

236 1100 269 1154 te
291 1101 398 1156 tamen
420 1093 455 1156 in
476 1092 572 1156 turba
594 1114 659 1156 non
680 1095 803 1176 ausim,
828 1093 941 1176 Cotta,
966 1093 1071 1176 silere,

277 1200 445 1266 Pieridum
468 1201 577 1265 lumen
599 1203 865 1289 praesidiumque
890 1203 971 1286 fori,

236 1321 398 1378 maternos
422 1311 534 1376 Cottas
557 1313 610 1375 eui
632 1311 868 1398 Messallasque
891 1321 1041 1400 paternos

278 1424 421 1486 maxima
444 1422 598 1488 nobilitas
621 1423 823 1507 ingeminata
845 1422 946 1486 dedit.

172 1537 213 1593 45
237 1531 345 1595 dicere
368 1533 396 1596 si
418 1534 467 1597 fas
492 1543 558 1614 est,
583 1531 668 1608 claro
691 1554 764 1596 mea
785 1533 916 1595 nomine
938 1532 1034 1599 Musa

279 1651 377 1728 atque
398 1644 484 1706 inter
506 1651 614 1706 tantos
638 1664 720 1728 quae
742 1642 905 1727 legeretur
928 1652 1006 1706 erat.

238 1773 314 1836 crgo
337 1751 521 1816 submotum
542 1754 650 1839 patria
671 1753 891 1839 proscindere,
916 1751 1010 1836 liuor,

282 1862 395 1926 desine
416 1884 480 1927 neu
503 1863 629 1927 cineres
653 1885 783 1949 sparge,
808 1873 954 1934 cruente,
977 1884 1077 1927 meos.
1341 1948 1345 1955 ι

240 1974 348 2036 omnia
370 1972 589 2059 perdidimus:
612 1973 835 2037 tantummodo
857 1975 926 2037 uita
948 1972 1061 2037 relicta
1084 1983 1149 2056 est,
1251 1972 1256 1977 ’
1348 1969 1350 1973 ’

173 2089 215 2147 50
279 2083 435 2170 praebeat
456 2093 493 2147 ut
514 2105 649 2148 sensum
670 2085 905 2170 materiamque
928 2083 1022 2147 mali:

236 2193 315 2279 quid
338 2194 429 2258 iuuat
452 2195 614 2258 extinctos
638 2193 760 2258 ferrum
783 2194 954 2257 demittere
976 2196 1011 2257 in
1033 2193 1147 2258 artus?

278 2326 343 2368 non
365 2303 463 2368 habet
485 2304 521 2367 in
541 2304 637 2369 nobis
660 2305 724 2367 iam
746 2326 831 2368 noua
852 2303 950 2388 plaga
971 2303 1088 2367 locum.

218 2513 251 2561 37
270 2526 383 2574 quorum
400 2527 443 2560 me
462 2513 486 2561 D
506 2527 532 2576 q.
552 2511 630 2562 modo
648 2512 673 2561 N
719 2512 751 2560 38
769 2527 845 2560 mora
863 2509 985 2576 longaP
1010 2508 1022 2576 ΙΙ
1044 2511 1149 2561 habent
1168 2528 1212 2574 pr.
1237 2511 1296 2562 Me·

152 2580 201 2630 die.
225 2587 248 2643 ψ
300 2581 332 2629 39
356 2595 434 2629 musa
456 2579 509 2629 Dc
528 2594 628 2629 caussa
647 2578 799 2644 thELsNP
819 2595 885 2629 cura
903 2596 918 2629 τ
937 2580 974 2632 Η.
1017 2581 1049 2629 41
1068 2585 1148 2628 tanta
1166 2580 1195 2628 in
1213 2581 1296 2630 turba

151 2647 222 2710 ΕΡψ
241 2650 346 2695 tantum
365 2648 393 2696 in
411 2651 431 2700 t,
450 2649 475 2697 N
490 2643 503 2713 ΙΙ
520 2652 602 2698 cocta
620 2650 642 2697 P
688 2650 721 2697 42
740 2648 800 2697 fore
819 2646 843 2697 εί
888 2649 922 2697 43
940 2651 1134 2712 maternosque
1154 2652 1231 2697 rotas
1252 2649 1296 2698 eui

150 2712 367 2777 messalinosque
390 2716 415 2765 G
439 2715 577 2766 fraternas
605 2718 684 2766 colas
708 2716 753 2764 cui
774 2714 965 2778 messalasque
992 2721 1124 2780 paternas
1148 2716 1171 2765 L
1196 2716 1295 2766 frater-

152 2796 201 2830 nos
222 2797 245 2834 c.
266 2780 288 2832 ε1
312 2788 452 2832 maternos
475 2788 566 2834 cottas
589 2785 634 2834 eui
654 2783 842 2848 mesealosque
870 2789 1001 2849 paternos
1019 2786 1043 2833 N
1063 2790 1156 2833 coctas
1183 2799 1206 2839 c.
1225 2800 1295 2834 mes-

151 2847 265 2914 saloque
288 2849 310 2898 P
336 2851 556 2915 messalosquee
624 2854 658 2901 44
681 2849 835 2915 maximati
860 2868 930 2904 corr.
948 2853 1065 2902 maxime
1084 2850 1130 2918 βῑῗ
1154 2860 1180 2902 el
1197 2869 1211 2902 e
1229 2855 1295 2906 roni.

151 2916 292 2969 Burmann.
310 2920 434 2983 proxima
451 2921 476 2969 N
521 2921 554 2969 45
572 2934 651 2968 musa
670 2918 754 2968 esti}
805 2921 838 2970 46
857 2919 1034 2985 regereturti
1078 2922 1111 2970 47
1130 2920 1294 2971 suminotum

151 2985 174 3032 P
213 2987 246 3035 48
264 2999 313 3035 nec
331 2987 438 3054 eineres
457 2985 533 3037 Ge²N
584 2989 617 3036 50
635 2987 715 3036 malis
735 2985 807 3036 GH.
826 2985 1108 3051 maliliCDliLeNPor
1155 2991 1186 3037 51
1205 2989 1295 3038 dimit-

151 3055 209 3102 tere
227 3051 455 3117 liODEGLsNPor
473 3056 509 3104 H.
528 3054 675 3103 demittere
693 3056 751 3104 edd.
770 3061 831 3107 uett.
851 3055 889 3106 M.

219 3153 395 3204 EXPLICIT
413 3154 563 3205 OVIDIVS
582 3154 631 3203 DE
651 3154 806 3204 PONTOC
825 3153 947 3218 Explicit
967 3155 1040 3205 liber
1052 3155 1082 3208 P.
1102 3155 1194 3204 Ouidii
1207 3157 1295 3207 Naso-

152 3223 195 3272 nis
214 3221 247 3271 de
266 3222 354 3272 Ponto
372 3224 395 3272 E
413 3223 538 3288 Explicit
555 3222 626 3272 liber
644 3222 729 3272 ouidii
748 3221 780 3272 de
794 3225 876 3287 ponto
890 3221 924 3270 L²
943 3221 995 3287 spic
1007 3222 1079 3272 liber
1091 3223 1217 3287 expletur
1230 3240 1294 3288 gra·

89 3331 94 3339 .
152 3290 193 3338 tia
212 3289 313 3340 christo
332 3291 413 3340 detur
430 3291 463 3340 P.

239 3481 279 3538 50
301 3481 377 3536 nralis
400 3482 464 3537 HM
528 3481 565 3537 51
591 3481 727 3538 dimittere
749 3483 788 3539 H.
