2902 4928
151 374 266 421 XXVIII
617 371 827 420 PRAEFATIO.

151 537 183 591 et
198 527 401 615 sequentium
415 548 568 590 uersuum
582 523 716 588 ultimae
731 546 827 590 uoces
843 524 896 588 uel
912 523 1068 611 syllabae,
1085 525 1112 608 I,
1125 525 1156 608 2,
1169 525 1295 589 32-38

151 646 183 702 et
210 639 305 701 initia
332 659 486 700 uersuum
508 635 650 717 39-52,
679 635 712 716 Ι,
736 635 774 716 2,
799 635 936 700 87-93.
980 635 1079 698 Haud
1102 656 1207 722 pauca
1227 658 1294 698 ma-

39 810 48 819 ,
151 746 409 833 dore-corrupta
436 745 503 830 legi
524 747 583 809 uix
605 754 753 831 possunt.
798 745 1039 832 Orthographia
1062 745 1130 808 fere
1152 767 1190 808 ea
1212 768 1296 831 quae

150 859 184 921 in
207 858 235 920 F
258 866 326 939 est,
348 857 413 920 nisi
436 856 521 942 quod
541 877 563 935 c
586 865 618 919 et
640 864 652 920 ι’
673 857 920 919 consonantium
942 856 1165 938 commutatio,
1189 855 1295 941 qualis

150 970 185 1031 in
206 969 234 1031 B
258 976 322 1048 est,
350 964 477 1030 accedit
499 966 807 1051 consonantiumque
835 987 919 1051 quae
940 974 1075 1030 uocatur
1095 964 1294 1029 adsimilatis

46 1111 48 1115 Α
150 1077 304 1142 crebrior.
348 1077 572 1163 Interpunctio
595 1066 950 1159 scribamdiligentem
972 1075 1098 1163 prodit,
1122 1084 1294 1140 contextus

149 1209 214 1250 non
236 1189 331 1269 item,
355 1189 485 1274 saepius
510 1188 596 1250 enim
618 1185 761 1274 syllabas
783 1185 837 1248 uel
858 1207 954 1250 uoces
977 1187 1102 1267 omisit,
1125 1207 1209 1272 quae
1226 1208 1291 1248 ma·

150 1299 272 1362 ximam
299 1305 426 1383 partem
453 1297 495 1360 ab
522 1296 625 1361 altera
647 1319 745 1360 manu
766 1296 900 1360 additae
922 1306 1013 1379 sunt,
1041 1294 1170 1382 aliaque
1191 1295 1295 1359 multa

149 1408 300 1496 peccauit
322 1429 405 1494 quae
427 1409 618 1471 correctoris
641 1428 771 1493 operam
795 1407 988 1491 effugerunt.
1033 1407 1158 1470 Textus
1184 1427 1295 1469 reeen-

150 1520 250 1583 tiores
273 1517 374 1582 libros
397 1519 557 1604 sequitur,
582 1517 669 1604 quod
691 1526 727 1581 ut
748 1515 903 1604 adpareat
925 1517 1100 1582 lectionum
1117 1538 1293 1603 paucarum

150 1630 347 1716 comparatio
370 1627 527 1692 sufficiet:

235 1738 268 1822 I,
287 1726 326 1820 1,
337 1738 380 1803 24
392 1745 506 1802 scrinia
549 1738 588 1803 51
612 1745 768 1816 lanigerae
824 1740 864 1803 67
886 1759 944 1802 rcere
966 1745 1057 1816 lectur
1073 1776 1111 1784 -
1128 1759 1211 1801 mens
1227 1757 1294 1799 mee

151 1849 192 1913 69
212 1855 376 1929 putredine
430 1848 471 1913 75
492 1856 664 1926 relinqueret
705 1848 740 1930 Ι,
761 1850 798 1929 2,
820 1850 861 1913 57
884 1857 1069 1927 linquescunt
1111 1849 1152 1912 99
1173 1852 1294 1912 iustissi-

151 1981 215 2022 mus
272 1960 611 2023 miseresceret
665 1959 725 2022 102
747 1970 818 2022 earet
873 1959 931 2023 127
955 1967 1046 2023 malle
1074 1968 1152 2023 metu
1180 1963 1295 2022 cohibet

146 2090 247 2149 poena
270 2075 323 2146 qur·
337 2090 371 2148 p.
394 2073 531 2132 cohercet
574 2067 634 2132 145
656 2075 792 2132 maxime
835 2069 868 2150 Ι,
890 2071 926 2151 3,
950 2070 989 2134 13
1012 2077 1115 2133 demes
1136 2053 1235 2132 aestro
1258 2073 1294 2130 de

149 2189 268 2258 pectore
299 2199 393 2242 ceree
453 2178 495 2242 59
521 2184 648 2256 serietas
705 2179 747 2242 86
773 2199 852 2256 qaae
874 2184 956 2256 secr't
1028 2181 1062 2262 Ι,
1086 2180 1123 2262 4,
1146 2179 1188 2243 30
1216 2185 1296 2242 timet

152 2291 192 2354 37
209 2295 367 2353 emelbene
408 2288 451 2352 42
467 2309 573 2352 emens
629 2287 909 2370 I,5,10mocerrte
956 2292 997 2354 37
1013 2297 1105 2354 eoiret
1151 2291 1191 2352 41
1208 2309 1294 2352 seruo

152 2401 191 2464 77
207 2405 375 2464 miserabile
418 2399 446 2480 Ι,
463 2399 542 2480 8,43
555 2402 712 2477 pomIferis
747 2399 775 2482 Ι,
792 2400 871 2482 9,52
886 2422 992 2466 creme
1029 2401 1056 2482 Ι,
1076 2400 1177 2483 10,12
1190 2409 1291 2477 prate.

122 2591 125 2605 Ι
238 2510 355 2574 Paucis
379 2530 664 2574 commemoramus
687 2509 952 2596 fragmentum
974 2525 1196 2576 nouaumusn
1221 2509 1292 2594 (V),

152 2643 215 2706 quo
238 2619 449 2707 epistularum
472 2620 674 2707 ponticarum
696 2619 856 2706 partie-ula
871 2621 970 2703 alII,
987 2624 1018 2703 3,
1034 2621 1076 2685 25
1086 2659 1120 2666 --
1130 2619 1190 2701 IV,
1205 2619 1237 2700 4,
1256 2619 1293 2681 16

153 2740 282 2796 seruata
304 2729 377 2795 fuit.
421 2730 522 2794 Cuius
546 2729 587 2792 de
609 2729 799 2794 condicione
821 2753 894 2795 cum
916 2741 1045 2818 praeter
1068 2752 1120 2812 ea„
1148 2751 1230 2815 quae
1252 2750 1294 2792 ex

152 2841 283 2906 Heinsii
305 2839 434 2904 schedis
458 2839 696 2926 excerpsimus,
725 2840 808 2904 nihil
830 2850 972 2924 constet,
995 2841 1170 2905 lectionum
1193 2862 1235 2904 ex
1258 2861 1294 2904 eo

152 2952 327 3039 petitarum
348 2960 474 3037 partem
497 2948 713 3035 adponemus,
737 2959 773 3014 ut
796 2953 886 3014 cuius
909 2950 990 3015 illud
1012 2952 1142 3036 generis
1158 2952 1201 3014 sit
1222 2973 1291 3036 per-

153 3063 323 3148 spiciatur:
348 3060 417 3142 ΙΙΙ,
433 3061 469 3142 3,
485 3060 525 3125 37
548 3065 647 3124 studr'o
669 3059 795 3124 l’strrltus
837 3061 878 3125 62
900 3072 968 3124 tues
988 3063 1100 3141 l'nepes
1143 3061 1182 3124 61
1203 3068 1297 3139 plecti

76 3216 81 3226 ·
151 3174 271 3252 l'proe'cr'
305 3172 345 3236 72
361 3176 448 3236 eliud
460 3171 599 3248 l'elr‘qur'd
636 3169 696 3233 102
712 3178 805 3249 repsit
846 3171 952 3255 111,4,
961 3172 1002 3236 14
1016 3192 1100 3250 quem
1115 3171 1219 3249 l'qeod
1255 3171 1294 3236 18

49 3282 56 3292 '
151 3291 264 3363 scripta
278 3284 366 3347 l’ur'sc
401 3283 444 3347 20
458 3282 795 3361 uidemusc’scrrpsemus
829 3282 869 3346 27
885 3289 989 3346 mertis
1003 3282 1119 3361 l’centrfs
1153 3283 1190 3344 31
1208 3288 1294 3346 clen-

149 3413 224 3471 pere
265 3394 307 3458 55
328 3398 398 3458 bibit
418 3400 518 3471 l'leqet
560 3392 625 3472 ΙΙΙ,
641 3392 672 3473 5,
690 3393 730 3455 12
751 3413 808 3457 aere
824 3430 866 3441 -
880 3400 976 3470 meeis
997 3393 1094 3456 l’beec
1112 3430 1145 3439 —
1164 3399 1272 3455 minus.

238 3503 393 3589 Superest
408 3502 449 3565 de
465 3524 528 3588 quo
543 3501 651 3565 dicam
672 3489 936 3587 fragmentum
958 3518 1187 3566 Dunuaeuusn
1208 3524 1296 3566 nunc

153 3611 402 3689 Caroliruhense
418 3612 495 3697 (R),
514 3612 606 3675 cuius
628 3610 833 3677 collationem
846 3611 947 3677 Alfr.
964 3612 1133 3678 Holderi
1153 3612 1294 3677 beneuo-

152 3723 253 3787 lentia
274 3723 396 3808 accepi.
441 3720 556 3786 Codex
584 3722 618 3785 in
646 3745 709 3810 quo
733 3733 781 3788 est
804 3723 948 3788 continet
974 3723 1158 3809 fragmenta
1186 3723 1294 3809 operis

152 3832 360 3900 astronomici
389 3841 421 3894 et
448 3832 642 3920 Hieronymi
679 3855 752 3920 epp.
780 3833 816 3896 ΙΙ
844 3854 927 3897 saec.
955 3834 1020 3917 VI,
1058 3832 1294 3897 Alexandridis

153 3943 303 4009 Gualteri
323 3942 364 4006 de
380 3941 565 4007 Castalione
587 3942 664 4007 libri
685 3943 703 4006 1
725 3942 942 4027 fragmentum
958 3953 990 4008 et
1005 3944 1118 4009 Ouidii
1140 3952 1230 4029 pont.
1246 3941 1294 4028 II,

154 4056 184 4137 8,
200 4053 349 4135 35-ΙΙΙ,
368 4053 396 4135 1,
414 4053 455 4116 92
472 4075 555 4117 saec.
572 4052 667 4135 XIV,
683 4052 805 4116 Auiani
820 4052 887 4117 fab.
903 4055 955 4137 34,
974 4055 1088 4135 8-40,
1105 4054 1124 4116 9
1140 4074 1224 4116 saec.
1241 4052 1294 4115 IX

156 4162 209 4250 [cf.
233 4162 401 4227 Froehner
421 4162 577 4250 philolog.
600 4162 705 4246 XIII,
729 4161 800 4227 692.
824 4163 919 4246 XIV,
939 4163 1025 4251 387}
1069 4162 1294 4249 Epistularum

153 4272 294 4358 librique
317 4274 423 4358 quarti
445 4274 539 4337 initia
561 4271 664 4337 literis
692 4271 790 4337 rubro
819 4273 925 4339 colore
952 4273 1049 4359 pictis
1072 4281 1183 4337 notata
1206 4283 1292 4337 sunt.

65 4434 68 4441 .
153 4383 353 4450 Paucissima
374 4381 457 4447 liber
478 4368 577 4448 habet
599 4381 778 4470 singularia
801 4392 833 4447 et
855 4404 928 4447 sua:
969 4381 1022 4472 [cf.
1045 4405 1114 4447 uar.
1137 4382 1226 4448 lectt.
1249 4382 1293 4448 ad
