2902 4928
148 326 189 388 :26
627 342 673 387 ax
696 341 812 389 remo

234 496 285 557 eui
307 517 366 557 nos
390 493 605 575 etlaerimas,
629 516 814 580 supremum
836 494 871 555 in
894 492 1007 556 funere
1029 516 1158 575 munuS,

171 613 211 669 30
276 616 308 668 et
330 604 479 668 dedimus
501 603 609 667 medie
631 605 754 690 seripta
777 603 922 666 canenda
944 602 1025 667 foro,

232 713 318 777 adde
340 713 426 798 qued
450 723 500 777 est
521 713 632 796 frater,
656 723 747 777 tantu
770 713 832 777 tibi
855 714 982 776 iunctus
1005 735 1129 795 amore,

275 833 414 910 quantus
437 825 472 886 in
494 823 621 887 Atridis
645 823 911 911 Tyndaridisque
933 822 1012 887 fuit:

232 937 260 998 is
283 956 335 997 me
356 956 417 998 nea
439 935 589 998 comitem
611 956 671 997 nee
693 935 887 1019 dedignatus
909 935 1048 1025 amisum
1072 944 1136 998 est:

277 1046 305 1108 si
326 1053 435 1108 tamen
457 1044 537 1107 haee
559 1043 608 1107 illi
630 1067 695 1109 non
717 1045 865 1109 nocitura
886 1054 992 1130 putas.

171 1163 210 1218 35
234 1157 261 1219 si
284 1156 401 1237 minus,
425 1155 486 1218 hae
507 1177 635 1241 quoque
656 1177 708 1218 me
729 1155 917 1219 mendaeem
940 1162 1032 1240 parte
1055 1153 1190 1218 fatebor.

277 1264 387 1328 elausa
408 1265 488 1328 milri
512 1266 617 1351 potius
640 1274 710 1329 tota
733 1266 775 1330 sit
796 1267 860 1328 ista
883 1263 1007 1329 dumus.

235 1375 292 1439 sed
315 1397 419 1460 neque
442 1374 623 1438 claudenda
645 1385 704 1458 est,
728 1385 760 1439 et
782 1374 871 1439 nulla
892 1375 1039 1460 potentia
1060 1374 1147 1436 uires

276 1484 474 1572 praestandi,
497 1506 538 1547 ne
561 1484 640 1571 quid
662 1495 775 1571 peeeet
796 1483 1063 1566 amicusshabet.

234 1606 267 1659 et
288 1606 396 1662 tamen
417 1604 454 1659 ut
476 1617 626 1683 euperem
649 1595 777 1681 culpam
799 1617 927 1682 quoque
949 1616 1043 1681 posse
1069 1595 1199 1677 negari,

172 1713 213 1769 tu
276 1706 323 1769 sie
345 1705 472 1770 facinus
495 1728 589 1770 nemo
611 1707 715 1770 nescit
736 1705 852 1771 abesse
874 1704 965 1768 mihi.

235 1816 321 1901 qrmd
343 1816 407 1878 nisi
430 1815 541 1880 delicti
564 1839 637 1902 pars
661 1817 859 1880 excusabilis
882 1824 984 1895 esset,

276 1948 378 2013 parua
399 1925 537 2010 relegari
559 1949 662 2012 poena
685 1927 793 1991 futura
815 1927 889 1990 fuit.

235 2039 304 2123 ipse
327 2036 384 2100 sed
405 2036 466 2100 hoe
488 2036 583 2117 uidit,
607 2039 662 2123 qui
684 2037 835 2123 peruidet
857 2037 975 2118 onmia,
992 2035 1129 2115 Caesar,

278 2145 449 2210 stultitiam
473 2146 539 2209 diei
561 2148 697 2209 erimina
719 2170 812 2232 posse
833 2169 921 2210 mea:

173 2264 213 2320 43
236 2278 362 2342 (piaque
385 2279 445 2340 ege
467 2258 612 2343 permisi,
636 2280 763 2344 quaque
786 2268 834 2321 est
856 2279 907 2320 res
929 2278 1037 2339 passa,
1060 2255 1223 2342 pepercit,

277 2390 355 2431 usus
378 2377 410 2430 et
432 2377 481 2431 est
503 2367 629 2431 modice
651 2367 796 2431 fulminis
818 2370 895 2452 igne
917 2369 978 2430 sui.

236 2498 296 2541 nee
317 2479 430 2559 uitam,
453 2499 514 2541 nee
535 2500 623 2563 opes,
646 2500 707 2542 nee
728 2477 850 2542 ademit
871 2499 968 2564 posse
990 2479 1126 2558 reuerti,

279 2589 307 2651 si
330 2609 388 2650 sua
409 2608 467 2673 per
488 2597 612 2652 uestras
634 2590 723 2652 uicta
745 2591 789 2652 sit
811 2589 859 2651 ira
881 2609 1004 2673 preces.

237 2705 270 2759 at
292 2698 436 2781 grauiter
458 2697 571 2761 cecidi.
616 2698 695 2784 quid
719 2701 805 2763 enim
826 2698 987 2780 mirabile,
1011 2701 1039 2761 si
1063 2698 1134 2782 quis

175 2816 216 2872 50
279 2830 299 2871 a
320 2808 399 2871 Ioue
420 2830 591 2894 percussus
614 2832 679 2872 non
701 2808 775 2872 leve
797 2807 913 2873 uulnus
939 2808 1061 2872 habet?

237 2920 308 3004 ipse
330 2941 403 2981 suas
428 2919 524 2982 etiam
547 2919 632 2983 uires
656 2919 817 2984 inhiberet
839 2917 1002 3001 Achilles,

221 3126 254 3173 29
274 3124 317 3172 eui
335 3124 458 3174 dedimus
476 3127 499 3174 F
524 3126 568 3175 eui
590 3141 640 3176 nos
659 3141 832 3191 suppremum
854 3126 984 3175 lacrimas
1005 3125 1054 3188 Lu
1123 3125 1156 3172 30
1179 3122 1261 3186 signa
1279 3140 1294 3171 τ

157 3190 271 3256 {scripta
294 3191 410 3257 legenda
432 3189 468 3257 ψ]
494 3194 552 3243 foro
576 3211 648 3245 emta.
672 3196 693 3243 P
713 3195 826 3244 memori
844 3197 948 3258 scripta
971 3209 994 3244 e.
1014 3192 1033 3241 f.
1057 3192 1164 3241 conieci.
1190 3191 1225 3252 ef,
1245 3207 1295 3239 αηι.

156 3262 177 3315 Ι,
197 3264 237 3318 15,
256 3264 279 3309 6.
297 3277 321 3309 α.
341 3278 365 3309 α.
384 3261 433 3308 ΙΙΙ
453 3265 511 3310 450.
531 3279 566 3311 ex
579 3263 608 3312 P.
623 3263 663 3321 II,
677 3266 702 3319 2,
717 3266 750 3312 30
802 3265 832 3312 31
853 3262 904 3310 tibi
923 3258 988 3325 Λβψ
1008 3260 1073 3308 mihi
1091 3259 1171 3307 ceteri
1185 3253 1197 3323 ll
1214 3263 1295 3307 tanto

155 3329 243 3377 frater
262 3326 299 3377 Ca
323 3324 335 3392 ll
357 3327 502 3392 uinetussl
554 3333 585 3380 32
606 3329 721 3379 aetridis
740 3332 760 3379 P
784 3327 796 3394 ll
819 3329 1029 3392 tindarudisque
1048 3327 1071 3374 A
1094 3325 1296 3389 tindaridisque

155 3397 175 3443 B
194 3395 399 3458 tindaredisque
412 3397 434 3445 F
453 3396 669 3460 tyndaribusque
683 3396 700 3463 β
751 3401 784 3448 33
801 3398 846 3446 hic
860 3398 881 3446 L
893 3398 917 3446 is
935 3411 987 3445 nee
1000 3411 1042 3444 me
1056 3395 1080 3445 G
1096 3389 1107 3459 ll
1124 3394 1265 3456 sociump
1281 3390 1293 3458 Η

155 3468 198 3513 est
216 3480 262 3513 om.
282 3461 418 3526 euersa
462 3465 495 3513 34
513 3471 592 3529 putes
610 3467 660 3527 Dat
712 3469 744 3515 35
763 3466 806 3516 sin
824 3463 840 3529 β
857 3481 893 3514 ex
910 3480 978 3517 corr.
1023 3464 1056 3512 36
1075 3476 1161 3511 eausa
1178 3460 1202 3509 A
1218 3457 1230 3525 ΙΙ
1246 3461 1296 3509 illa

156 3532 225 3580 ΗΕΒ
278 3532 309 3578 37
323 3531 371 3579 sed
382 3547 434 3580 nee
447 3531 471 3578 D
489 3528 500 3596 ΙΙ
516 3548 580 3581 nam
593 3532 668 3581 nulla
682 3534 704 3580 l)
719 3534 790 3596 quod
802 3532 880 3581 nulla
895 3529 924 3596 [n
935 3534 1010 3595 prior
1022 3526 1202 3593 naeniarum]
1223 3530 1246 3578 P
1260 3544 1295 3577 ne

156 3615 208 3662 qua
220 3599 243 3648 N
256 3594 267 3663 Η
279 3597 352 3646 uires
365 3615 410 3648 om.
423 3599 447 3647 A
499 3603 532 3649 38
544 3606 643 3663 peccet
660 3615 694 3648 ne
708 3601 773 3663 quid
786 3600 823 3650 Cr
836 3600 933 3664 nequis
943 3601 965 3647 E
977 3615 1019 3661 pr.
1032 3615 1055 3646 a.
1069 3601 1085 3649 Ι.
1138 3600 1170 3653 39
1184 3596 1296 3660 eulpam

155 3665 220 3715 mihi
233 3683 248 3715 τ
265 3661 276 3731 ll
293 3680 393 3738 negare
406 3666 535 3733 L'Duup
548 3684 583 3716 ex
595 3684 662 3717 corr.
675 3675 698 3731 ψ
745 3671 778 3717 40
791 3668 838 3718 sed
852 3668 907 3719 fae.
921 3669 943 3716 Ε
965 3663 976 3731 ΙΙ
997 3666 1114 3714 facimus
1128 3665 1151 3712 A
1195 3666 1227 3713 41
1249 3664 1295 3713 de·

154 3768 222 3816 licta
240 3766 263 3815 A
281 3742 378 3834 dilicti
396 3769 418 3816 F
487 3770 520 3816 42
539 3768 631 3829 rogari
646 3767 672 3816 A
690 3768 809 3833 relegati
828 3768 848 3816 C
917 3769 950 3817 43
971 3767 1041 3816 haee
1063 3767 1111 3830 Nu
1131 3762 1143 3830 ll
1185 3765 1296 3815 rouidet

155 3834 209 3900 up²
231 3835 377 3900 praeuidet
399 3838 479 3886 reteri
500 3836 626 3901 peruidet
648 3834 674 3900 β1
699 3835 824 3900 Scaliger.
894 3838 927 3885 44
954 3834 1144 3884 stulticiamB
1167 3781 1183 3898 ll
1205 3847 1296 3882 meam
1321 3834 1326 3841 '

154 3970 249 4035 nucu,
268 3971 321 4020 mei
339 3971 360 4019 l'
379 3973 501 4021 meamE
554 3972 587 4020 45
618 3971 992 4036 namque-quamqueFNv
1012 3966 1023 4032 ΙΙ
1045 3917 1131 4033 quani
1143 3914 1215 4031 ilisa
1262 3968 1295 4016 46

155 4040 260 4089 modico
277 4037 394 4103 adura
417 4055 452 4089 aa
474 4055 542 4089 corr.
564 4056 585 4088 ω
601 3987 762 4143 Aluffsslffljlss
785 4041 807 4088 B
872 4041 905 4089 48
928 4045 1037 4089 nostras
1060 4045 1083 4101 ψ
1153 4038 1184 4086 51
1209 4035 1295 4085 etiam

155 4154 269 4220 AfiOLp
282 4157 408 4219 quamuis
420 4157 491 4208 ENP
501 4131 564 4227 (iuis
577 4159 598 4208 B
612 4118 630 4224 ri
732 4159 755 4207 A*
769 4159 842 4209 uires
853 4159 979 4223 quamuis
988 4156 1039 4206 DG
1051 4160 1082 4205 ut
1094 4157 1150 4204 iam
1163 4171 1176 4204 e
1189 4157 1246 4204 coni
1257 4154 1295 4205 H.
1310 4126 1315 4133 ι

156 4275 283 4283 ----
289 4278 357 4284 --—

239 4348 278 4404 51
303 4351 405 4405 utiam
428 4351 460 4405 Η
