2902 4928
149 312 207 375 106
623 326 669 374 nx
692 325 807 374 rouro

230 482 351 565 uixque
374 479 454 544 mihi
476 479 607 563 uideor,
630 479 749 544 faciam
772 481 859 566 quod
882 482 1040 565 carmina,
1065 504 1181 565 sanus,

273 592 370 676 inque
393 589 602 672 feriscnrem
625 592 787 675 corrigere
810 589 867 655 illa
890 590 1000 656 Getis!

230 700 277 765 nil
299 711 407 766 tamen
429 722 446 763 e
468 701 600 786 scriptis
623 703 727 784 magis
751 701 938 765 excusabile
960 704 1097 785 nostris,

274 835 369 899 quam
392 833 506 875 sensus
529 813 655 875 cunctis
677 831 780 898 paene
802 811 888 898 quod
910 835 994 876 unus
1017 814 1113 877 inest.

168 931 208 988 35
231 922 405 987 laetabere
427 920 530 986 laetus
553 922 673 1005 cecini,
697 944 777 986 cano
800 923 908 986 tristia
929 923 1050 986 tristis:

273 1034 470 1098 conueniens
493 1033 584 1119 operi
605 1042 732 1119 tempus
754 1042 928 1120 utrumque
950 1055 1009 1097 suo
1032 1042 1090 1097 est.

232 1143 311 1230 quid
332 1143 397 1207 nisi
420 1142 462 1206 de
484 1143 565 1206 uitio
588 1142 728 1206 scribam
751 1144 894 1227 regionis
918 1166 1064 1224 amarae,

272 1263 372 1340 utque
394 1251 463 1317 loco
486 1254 606 1316 moriar
628 1255 846 1318 commodiore
868 1253 1005 1341 precer?

232 1386 305 1427 eum
327 1365 446 1427 totiens
470 1363 584 1426 eadem
607 1363 731 1444 dicam,
753 1365 813 1428 uix
834 1363 950 1428 audior
972 1362 1047 1427 ulli:

168 1480 209 1538 40
272 1473 437 1560 uerbaque
458 1473 608 1560 profectu
630 1473 835 1538 dissimulata
857 1483 978 1538 carent.

232 1594 264 1648 et
286 1593 394 1648 tamen
416 1583 497 1647 haee
519 1585 632 1648 eadem
655 1606 728 1646 eum
751 1586 833 1666 sint,
856 1608 920 1650 non
944 1584 1118 1649 scribimus
1141 1584 1246 1650 isdem

273 1716 402 1780 unaque
424 1717 482 1780 per
503 1693 611 1781 plures
635 1717 703 1758 uox
725 1717 797 1757 mea
818 1704 955 1782 temptat
977 1717 1082 1781 opem.

231 1828 289 1888 an,
313 1826 353 1867 ne
375 1805 427 1868 bis
450 1826 580 1867 sensum
603 1803 705 1869 lector
726 1807 884 1891 reperiret
907 1805 1062 1887 eundem,

273 1938 356 1978 unus
379 1916 572 1996 amicorum,
596 1914 715 1998 Brute,
738 1915 903 2000 rogandus
926 1917 1019 1980 erat?

168 2033 208 2089 45
231 2048 296 2089 non
318 2025 381 2089 suit
402 2025 464 2089 hoc
485 2026 578 2088 tanti.
608 2025 755 2090 confesso
777 2027 953 2110 ignoscite,
978 2025 1082 2089 docti:

273 2133 370 2198 uilior
393 2144 441 2198 est
464 2137 570 2222 operis
594 2135 681 2198 fama
702 2135 807 2200 salute
829 2157 909 2199 mea.

232 2245 372 2331 denique
394 2246 561 2308 materiam
585 2267 681 2331 quam
703 2247 776 2332 quis
798 2247 863 2310 sibi
885 2245 1017 2314 finxerit
1039 2246 1126 2333 ipse,

273 2355 409 2419 arbitrio
432 2357 537 2420 uariat
559 2355 661 2420 multa
683 2366 779 2444 poeta
801 2379 869 2421 suo.

232 2467 327 2530 Musa
348 2488 421 2529 mea
442 2475 491 2530 est
512 2467 613 2531 index
634 2468 769 2531 nimium
793 2488 920 2553 quoque
941 2488 1019 2531 uera
1041 2465 1216 2549 malorum,

170 2585 210 2641 50
274 2586 372 2663 atque
395 2577 573 2663 incorrupti
595 2577 741 2663 pondera
761 2579 855 2641 testis
878 2576 987 2641 habet.

232 2710 292 2750 nec
313 2687 396 2751 liber
417 2696 454 2751 ut
475 2687 582 2770 fieret,
606 2687 664 2750 sed
685 2688 734 2751 uti
757 2709 815 2751 sua
837 2689 954 2774 cuique
977 2687 1109 2757 daretur

274 2798 399 2882 littera,
423 2799 624 2885 propositum
646 2820 788 2884 curaque
809 2807 920 2863 nostra
942 2797 1016 2863 fuit.
1072 2886 1077 2890 -

216 3035 247 3081 31
266 3032 369 3081 faciam
393 3047 453 3080 cum
471 3029 638 3094 FGLNV¹w
662 3046 716 3094 qua
736 3032 757 3080 E
781 3030 852 3094 qnod
870 3029 887 3094 β
905 3047 973 3080 corr.
994 3027 1115 3095 cnvpr.
1133 3048 1158 3080 n.
1179 3033 1224 3084 1.Ρ
1242 3030 1286 3094 qui

148 3176 171 3232 ψ
188 3138 263 3232 prob.
288 3169 395 3218 Bentlei.
419 3126 489 3231 qullrgd
514 3184 526 3217 ε
596 3170 627 3216 32
651 3167 782 3231 colligere
800 3167 862 3232 ipse
882 3167 905 3216 G
929 3165 1062 3230 colligere
1082 3134 1192 3219 Mentiri.
1255 3169 1286 3216 33

150 3242 193 3286 est
210 3237 320 3300 scriptis
339 3235 512 3284 CDEFGLN
531 3251 545 3284 e
563 3234 672 3297 seriptis
693 3232 800 3301 [esffv
819 3237 847 3282 in
866 3234 977 3297 scriptis
995 3250 1010 3283 c
1029 3233 1067 3282 M.
1121 3235 1154 3282 34
1173 3234 1248 3283 inest
1265 3233 1285 3282 l'

149 3304 229 3354 obest
245 3305 268 3352 1⁴¹
326 3305 359 3354 35
376 3302 453 3352 laets
472 3302 581 3366 quidem
604 3303 720 3354 Vincent.
739 3302 838 3353 Bellon.
903 3304 935 3352 36
955 3305 997 3350 est
1014 3316 1060 3352 om.
1079 3297 1126 3350 OG
1149 3297 1162 3364 ΙΙ
1185 3304 1287 3350 utrum·

150 3387 201 3436 que
221 3371 274 3420 fuit
291 3370 315 3419 N
367 3373 399 3421 37
418 3370 541 3434 regionis
559 3372 671 3434 iniquae
690 3386 706 3419 τ
757 3373 790 3421 38
808 3375 892 3432 utque
911 3368 969 3418 solo
987 3370 1037 3419 duo
1055 3367 1114 3417 libri
1130 3368 1169 3420 H.
1192 3364 1205 3432 ll
1227 3384 1286 3434 pre·

149 3454 195 3489 cor
213 3440 235 3488 P
258 3435 270 3502 ΙΙ
293 3440 326 3487 40
345 3453 392 3502 pro
411 3438 503 3487 fructu
525 3455 541 3488 τ
608 3440 640 3486 41
660 3437 755 3488 eadem
774 3453 828 3488 non
845 3437 901 3486 sint
924 3452 986 3486 cum
1004 3434 1165 3500 scripsimus
1183 3433 1201 3500 β
1223 3437 1287 3486 scri-

149 3507 236 3567 bitur,
258 3521 352 3570 marg:
375 3505 521 3556 scribimus
545 3521 558 3555 ε
581 3505 710 3555 scribitur
732 3505 805 3570 ceo
829 3501 841 3571 ΙΙ
868 3504 974 3554 hisdem
996 3503 1043 3554 PL
1066 3503 1138 3552 idem
1161 3500 1190 3554 εἳ
1254 3505 1287 3552 42

478 3591 561 3626 rmusa
578 3599 604 3626 ue

149 3655 277 3705 uanaque
296 3639 471 3706 CDEGLNtt
489 3599 597 3703 unaqlre
617 3639 633 3705 β
652 3655 760 3705 unaque
778 3641 824 3690 FP
834 3641 871 3690 H.
889 3655 972 3689 unam
990 3655 1007 3688 τ
1024 3645 1050 3689 et
1067 3640 1133 3689 coni.
1153 3603 1189 3691 H.
1200 3634 1213 3704 ΙΙ
1229 3642 1288 3688 ten-

151 3747 192 3792 tet
209 3741 231 3790 l’
252 3742 383 3791 tentatV
452 3743 485 3792 43
504 3757 575 3791 anne
598 3742 641 3790 bis
659 3747 690 3791 ut
707 3744 766 3792 edd.
784 3749 846 3794 cett.
908 3741 941 3790 44
960 3705 1023 3803 ersi
1040 3740 1063 3789 F
1082 3755 1144 3790 eras
1162 3738 1206 3807 βψ
1226 3755 1288 3806 pro·

149 3812 218 3860 bonit
237 3810 345 3859 Bentlei.
402 3810 435 3859 45
457 3808 531 3859 docti
553 3807 576 3858 1’
595 3809 688 3859 cuncti
705 3810 727 3858 Ε
747 3809 880 3872 οαηοῐίψ
903 3804 915 3874 [Ι
938 3809 1020 3858 amici
1037 3807 1085 3871 Νψ
1142 3807 1215 3858 461³
1235 3807 1289 3858 mei

149 3880 173 3928 V
211 3881 243 3928 47
263 3876 380 3927 materia
392 3874 475 3942 bFN?
491 3873 503 3942 ΙΙ
519 3893 580 3926 cum
599 3878 659 3941 quis
672 3877 782 3929 Bentlei.
799 3873 811 3943 11
834 3874 980 3941 finxerstfl
999 3875 1099 3926 lecerit
1114 3870 1161 3941 (ill
1174 3876 1228 3940 ipsi
1240 3892 1256 3925 τ

149 3950 183 3998 48
205 3947 319 4011 quisque
341 3952 426 4010 poete
447 3947 472 3994 D
540 3947 573 3995 49
595 3945 698 3994 uindex
720 3945 741 3995 O
765 3942 777 4010 ΙΙ
801 3945 967 4008 nimiumque
990 3957 1098 4008 quoque
1120 3944 1143 3993 F
1171 3941 1183 4008 ΙΙ
1211 3943 1288 3993 labo-

149 4031 208 4064 rum
225 4031 241 4064 τ
305 4015 337 4064 50
355 4013 532 4076 incorruptae
550 4030 566 4062 τ
585 4013 622 4066 H.
645 4013 945 4078 incorruptae-uocis
964 4028 980 4061 τ
1002 4010 1192 4061 incorructiP
1255 4011 1287 4079 5⁸1

150 4097 205 4132 non
223 4080 305 4132 0er
330 4076 342 4146 l}
364 4079 454 4145 liieret
472 4081 536 4130 siF
598 4082 629 4132 52
648 4086 797 4145 nostraque
816 4080 924 4132 curaV
946 4075 959 4145 ΙΙ
981 4078 1051 4130 facit
1068 4077 1090 4127 l’
1109 4078 1203 4129 fuiti*
1281 4127 1284 4131 .

236 4272 275 4329 33
270 4274 325 4411 Hirr
346 4274 453 4345 scriptis
475 4275 509 4331 M
571 4272 610 4331 38
634 4272 693 4329 solo
716 4273 779 4329 HM
842 4269 881 4327 47
906 4270 1075 4328 motoriaeH
1138 4267 1180 4328 50
1201 4270 1288 4327 incor-

152 4363 248 4430 ruptae
