2902 4928
148 343 191 406 60
624 354 670 400 ax
692 353 808 400 rouro

232 509 327 596 culpa
348 509 458 593 grauis
481 507 632 593 precibus
655 505 794 570 donatur
816 527 913 591 saepe
935 528 1083 570 suorum:
1158 535 1161 540 ·

166 642 169 647 ·
275 620 378 683 omnis
401 640 459 705 pro
481 617 575 687 nobis
598 617 704 701 gratia
725 624 815 679 muta
837 615 908 680 fuit.

232 729 365 793 adiuuat
386 730 422 792 in
444 727 535 792 duris
557 725 667 813 aliqua
689 727 874 812 praesentia
895 727 1009 791 rebus:

273 840 381 904 obruit
405 839 468 902 hoc
488 838 606 902 absens
629 845 722 901 uasta
744 834 886 922 procella
908 846 1015 922 caput.

170 957 208 1013 55
233 951 304 1035 quis
326 973 392 1013 non
413 949 574 1013 horruerit
596 949 729 1010 tacitam
752 967 879 1032 quoque
901 946 1051 1010 Caesaris
1074 946 1181 1010 iram?
1268 941 1293 948 ”

274 1060 388 1123 addita
409 1068 485 1122 sunt
506 1059 619 1146 poenis
641 1078 757 1143 aspera
779 1056 881 1120 uerba
902 1057 994 1119 meis.

220 1169 269 1232 ‘lit
291 1169 369 1254 suga
391 1168 589 1254 temporibus
612 1167 729 1230 leuior:
753 1167 916 1252 proiectus
939 1167 974 1228 in
995 1187 1117 1252 aequor

274 1279 450 1342 Arcturum
473 1278 559 1342 subii
580 1276 815 1362 Pleiadumque
837 1277 952 1340 minas.
992 1329 993 1333 ,

233 1411 329 1475 saepe
352 1388 456 1452 solent
478 1387 616 1451 hiemem
639 1385 802 1472 placidam
824 1387 945 1452 sentire
968 1387 1112 1450 carinae:

170 1507 209 1563 60
272 1521 337 1563 non
359 1498 490 1562 Ithacae
512 1498 614 1584 puppi
636 1498 763 1562 saeuior
784 1497 872 1562 unda
895 1496 967 1561 fuit.

152 1629 157 1639 ’
232 1618 322 1673 recta
343 1608 424 1672 fides
447 1609 600 1672 comitum
623 1616 751 1694 poterat
772 1606 858 1671 mala
880 1616 992 1671 nestra
1013 1607 1141 1672 leuare:

276 1719 379 1783 ditata
401 1728 450 1782 est
472 1718 585 1804 spoliis
608 1717 733 1804 perfida
755 1717 851 1781 turba
872 1718 964 1782 meis.
1052 1762 1062 1768 -

233 1831 343 1894 mitius
367 1827 502 1892 exilium
523 1829 648 1893 faciunt
669 1827 755 1892 loca:
780 1829 905 1892 tristior
925 1829 990 1892 ista

275 1949 361 2002 terra
383 1939 444 2002 sub
466 1939 623 2004 ambobus
645 1961 712 2002 non
734 1940 819 2001 iacet
840 1936 907 2000 ulla
928 1937 1023 2024 polis.

170 2056 209 2114 65
233 2057 283 2113 est
304 2047 429 2135 aliquid
451 2050 566 2134 patriis
588 2050 733 2111 uicinum
755 2048 874 2112 finibus
898 2068 984 2112 esse:
1054 2032 1056 2036 ¹

275 2157 389 2223 ultima
410 2181 462 2221 me
484 2156 596 2240 tellus,
618 2157 752 2222 ultimus
774 2157 863 2222 orbis
885 2158 994 2226 habet.

232 2279 376 2356 praestat
399 2278 430 2333 et
452 2267 602 2334 exulibus
624 2290 737 2356 pacem
759 2277 816 2332 tua
836 2267 962 2352 laurea,
986 2269 1124 2334 Caesar:

274 2381 410 2444 Pontica
431 2379 569 2444 finitimo
591 2389 678 2443 terra
700 2379 761 2442 sub
783 2379 877 2444 hoste
898 2380 993 2443 iacet.

233 2501 362 2577 tempus
385 2493 420 2554 in
440 2512 592 2582 agrorum
615 2488 704 2554 cultu
726 2511 915 2553 consumere
937 2488 1032 2553 dulce
1055 2499 1120 2554 est:

170 2609 211 2665 70
274 2624 339 2664 non
361 2602 483 2687 patitur
504 2602 588 2664 uerti
610 2599 768 2665 barbarus
790 2600 894 2664 hostis
916 2601 1060 2665 humum.

232 2713 388 2796 temperie
411 2710 492 2775 caeli
515 2733 694 2798 corpusque
715 2711 906 2797 animusque
928 2713 1094 2776 iuuantur:

150 2887 350 2894 -...-—.-...

217 2987 248 3035 51
267 2990 417 3051 pacaturr
469 2987 501 3037 53
520 2986 612 3050 aliquo
629 2985 653 3034 A
672 2986 780 3050 aliquos
792 2985 1023 3050 recensetur
1042 2987 1162 3051 aliquem
1171 2987 1219 3053 Fe
1238 2987 1287 3038 ali-

150 3053 213 3118 quid
229 3070 271 3118 pr.
291 3054 386 3104 Medic.
405 3053 475 3104 alios
493 3071 509 3104 τ
528 3054 622 3118 aliqua
640 3071 653 3102 e
671 3056 730 3103 coni
748 3055 783 3106 H.
842 3057 874 3104 54
892 3055 1016 3104 absentis
1034 3056 1084 3119 Βψ
1111 3050 1123 3120 ll
1151 3053 1203 3105 uia
1226 3072 1287 3120 pro·

151 3122 265 3172 cellaA
287 3119 299 3187 ΙΙ
323 3122 412 3185 capud
431 3123 476 3172 FP
527 3124 560 3172 55
578 3137 653 3185 quae
667 3138 720 3172 non
739 3122 876 3172 horruerit
894 3123 1074 3172 tacitam-c.
1093 3125 1162 3172 iram
1179 3123 1230 3174 AN
1246 3124 1311 3173 ta·'

150 3189 346 3240 citam-iram
373 3189 403 3255 β1
433 3197 459 3238 ut
477 3190 601 3239 Harlesio
623 3191 701 3239 uisum
727 3197 773 3239 est.
810 3206 890 3255 quem
916 3206 970 3240 non
999 3190 1128 3240 obrueret
1155 3187 1289 3254 (obruerit

148 3256 282 3323 EPll²⁵⁴l¹l
300 3258 527 3308 taciti-cesaris
551 3257 661 3319 (iudicis
684 3255 744 3322 βῖε)
768 3259 810 3306 ira
833 3256 1003 3322 Bd²sCEqu
1027 3272 1097 3321 quae
1116 3274 1142 3311 n.
1166 3259 1290 3309 obruerit

149 3326 313 3375 taciti—ira
331 3343 346 3376 r
366 3341 444 3390 quem
467 3343 493 3376 n.
518 3327 636 3376 orruerit
654 3330 675 3374 t.
694 3340 719 3388 q,
740 3341 763 3374 e.
786 3326 855 3374 iram
878 3344 892 3375 τ
915 3326 1152 3375 obruerit-iram
1169 3343 1186 3376 τ
1210 3342 1288 3392 quem

183 3446 188 3453 .
942 3407 1001 3447 taciti

149 3477 176 3509 n.
197 3461 324 3510 obrueret
341 3466 409 3511 nutu
427 3478 452 3526 q.
472 3479 495 3511 c.
515 3463 557 3511 ira
576 3462 598 3510 L
619 3477 699 3526 quem
717 3477 772 3510 non
789 3461 917 3511 obrueret
935 3461 1012 3511 tacui
1030 3476 1054 3525 q.
1069 3475 1093 3513 c.
1112 3461 1155 3510 ira
1174 3461 1198 3510 F
1218 3476 1289 3526 qnae

149 3543 202 3576 non
220 3528 374 3577 horruerint
391 3532 456 3583 coni.
471 3531 506 3579 H.
527 3530 587 3592 quis
606 3545 632 3581 n.
646 3529 784 3578 horruerit
801 3529 918 3578 tacitam
931 3543 956 3592 q.
975 3545 1000 3578 c.
1012 3528 1080 3578 iram
1093 3545 1107 3579 e
1119 3531 1184 3581 coni.
1197 3529 1238 3581 M.

149 3595 181 3645 56
200 3595 308 3645 additas
326 3598 423 3661 poenis
440 3598 464 3646 A
527 3599 559 3647 57
579 3597 614 3647 sit
632 3597 699 3662 fuga
716 3597 738 3645 Β
762 3593 774 3662 ll
796 3597 907 3646 breuior
926 3597 951 3646 N
973 3593 986 3661 ΙΙ
1009 3611 1093 3661 equor
1110 3596 1135 3645 A
1195 3599 1288 3648 5821-

845 3689 915 3717 carine

150 3732 272 3780 tnmmi'
292 3733 425 3782 arcturis
450 3728 583 3797 ltimuiL
636 3725 671 3783 50
688 3734 783 3782 carine
801 3731 825 3780 A
843 3747 875 3780 co
927 3732 949 3781 F
1002 3733 1035 3782 69
1052 3731 1287 3782 ithaeeAitache

149 3799 172 3848 L
232 3801 263 3848 61
282 3801 415 3865 poteriis
437 3797 441 3865 l
472 3800 545 3850 mala
563 3804 676 3850 tantar
745 3803 776 3850 62
794 3799 936 3849 dittataB
959 3797 971 3865 {l
995 3806 1070 3850 terra
1080 3799 1154 3860 „meis
1172 3816 1188 3849 τ
1256 3802 1289 3850 63

148 3870 209 3932 ipsa
228 3867 252 3917 G
268 3865 280 3934 ΙΙ
301 3870 424 3932 ‘fortasse
441 3870 524 3918 Istro’
543 3870 580 3920 H.
632 3871 665 3918 65
682 3867 782 3918 finibus
794 3868 928 3918 finibusB
946 3867 1088 3917 moenibus
1100 3883 1120 3918 τ,
1134 3868 1288 3931 partibuss

150 3937 287 3986 mentibus
305 3953 320 3986 r
337 3937 457 3986 turribus
476 3953 491 3986 τ
547 3938 579 3986 67
598 3935 870 4000 prestat-cesarA
890 3931 902 4000 Ι]
922 3936 951 3984 in
970 3934 1097 3984 exulibus
1114 3951 1130 3984 τ
1186 3937 1221 3985 68
1238 3936 1288 3986 sub

149 4087 199 4120 axe
220 4070 272 4121 (ιίε1
296 4068 309 4138 ll
329 4072 402 4136 riget
420 4089 436 4122 r
503 4075 536 4122 70
553 4031 639 4122 hqoan
662 4068 673 4136 ll
697 4072 771 4122 uerri
791 4071 838 4132 Gur
896 4074 926 4121 71
945 4075 1107 4136 tempusque
1125 4070 1286 4136 animusque

149 4137 221 4189 ΑΒΝ
244 4135 256 4203 ll
278 4140 390 4189 iuuatur
407 4139 627 4190 ABCDEFGLP
646 4142 775 4191 iurantur
792 4137 877 4206 Ν[βε]
897 4141 954 4190 edd.
968 4147 1047 4189 cett·
1138 4153 1139 4156 ’

234 4361 273 4418 53
296 4361 361 4419 ulios
384 4365 417 4419 H
479 4363 518 4420 55
542 4381 610 4440 quae
632 4381 687 4421 non
710 4365 865 4421 horruerint
887 4365 921 4421 Η
