2902 4928
203 339 305 386 XXXII
670 338 878 389 PRAEFATIO.

203 491 322 556 braun
346 491 400 576 [cf.
416 468 550 556 111665
568 493 630 556 111
654 513 679 554 0.
698 494 747 555 12.
771 493 853 556 1111
876 515 903 558 0.
919 492 951 580 4]
976 492 1132 558 sororum
1153 492 1230 558 fider
1252 494 1357 559 raso-

202 624 276 665 nem
298 624 430 688 prorsus
453 624 518 666 non
540 601 671 685 habuit,
694 603 852 667 Heinsius
869 603 1017 667 codicum
1032 604 1249 669 recentiorum
1265 603 1357 666 face-

201 711 257 775 tiis
296 713 414 776 ductus
449 711 547 774 nimis
579 711 682 776 multa
709 715 865 795 tentauit,
901 735 984 798 quae
1011 712 1085 776 falsi
1108 735 1149 776 ne
1177 713 1359 799 suspitioni

203 813 334 907 quideni
356 823 499 886 obnoxia
522 831 614 904 sunt,
642 822 910 908 coniecturaeque
932 823 1031 904 istae,
1060 844 1256 909 quamquam
1277 822 1373 908 ubi<
1438 838 1441 845 '

203 953 265 1018 que
292 932 418 1016 ingenii
447 928 604 1016 elegantis
633 941 708 996 sunt
737 932 967 1018 doctrinaeque
995 933 1135 996 eximiae
1157 941 1278 1014 testes,
1308 931 1358 995 ad
1423 918 1428 927 ’

201 1050 330 1105 textum
359 1040 625 1107 conformandum
654 1041 779 1107 nullum
806 1042 875 1106 fere
902 1065 998 1106 usum
1019 1041 1155 1123 habent,
1184 1042 1224 1105 R.
1249 1043 1356 1106 Bent-

202 1150 284 1214 leius
309 1151 481 1215 etsihaud
503 1152 644 1218 1161616
667 1153 803 1234 errauit,
830 1153 951 1217 errauit
972 1161 1083 1216 tamen
1105 1154 1167 1235 ita,
1190 1161 1227 1214 ut
1250 1152 1358 1215 etiam

203 1282 312 1324 errore
331 1261 456 1326 doceat.
494 1261 642 1326 Mearum
664 1265 922 1327 coniecturarum
945 1284 999 1325 cas
1022 1263 1056 1325 in
1078 1271 1206 1326 textum
1227 1263 1357 1346 recepi,

203 1370 321 1458 quibus
354 1380 451 1457 poeta
485 1393 566 1456 quae
599 1374 731 1458 scripsit
762 1395 814 1436 me
846 1381 1031 1436 assecutum
1066 1393 1137 1436 esse
1170 1371 1359 1435 uerisimile

202 1481 393 1564 uidebatur,
431 1503 500 1563 eas,
536 1504 618 1567 quae
651 1485 756 1567 magis
791 1504 936 1564 sensum,
972 1504 1069 1568 quam
1100 1480 1201 1545 uerba
1233 1490 1359 1566 poetae

203 1592 373 1656 restituere
395 1590 602 1674 uiderentur,
625 1593 711 1657 notis
733 1593 882 1656 adiunxi.

287 1701 512 1789 Epistularum
543 1701 655 1768 titulos
684 1705 794 1782 omisi,
827 1725 892 1767 non
920 1711 987 1766 tam
1019 1702 1062 1772 ad
1089 1711 1218 1788 poetam
1253 1725 1358 1788 quarn

202 1812 244 1876 ad
267 1811 457 1876 scholiastae
480 1811 669 1879 referendos
691 1824 792 1877 ratus.
836 1814 1010 1877 Lectiones
1034 1813 1259 1898 discrepantes
1284 1811 1357 1875 edi-

202 1924 327 1986 tionum
349 1922 480 1985 Heinsii
507 1930 539 1984 et
561 1922 717 1986 Merkelii
744 1923 899 2008 adposui,
932 1933 968 1986 ut
996 1931 1028 1986 et
1050 1930 1249 2008 quantopere
1273 1921 1358 1986 Oui-

203 2031 275 2094 dius
298 2031 499 2095 Heinsianus
527 2054 547 2094 a
574 2035 717 2116 genuina
744 2031 848 2095 forma
870 2032 1034 2118 discrepet
1057 2031 1200 2095 dilucide
1222 2033 1358 2118 perspi-

203 2143 324 2224 ciatur,
353 2150 385 2204 et
413 2141 531 2227 quibus
559 2141 639 2206 locis
667 2163 687 2204 a
709 2140 871 2206 Merkelio
899 2141 1107 2206 discesserim
1133 2139 1264 2204 facilius
1295 2141 1358 2205 ad-

202 2259 325 2338 pareat.
364 2249 503 2315 Obelum
517 2250 716 2316 Merkelium
737 2253 883 2316 imitatus
907 2250 1023 2315 dextro
1045 2252 1185 2336 margini
1200 2248 1357 2337 adpinxi,

202 2360 260 2424 ubi
295 2359 335 2424 de
363 2383 460 2426 1161611
488 2362 691 2426 restituendo
720 2363 907 2448 desperaui,
944 2359 1106 2426 stellulam
1137 2362 1183 2424 cis
1212 2360 1357 2447 adposui

201 2471 329 2552 uerbis,
363 2493 446 2558 quae
475 2481 626 2559 corrupta
660 2473 799 2537 necdum
828 2471 999 2535 emendata
1027 2480 1112 2536 sunt.
1163 2470 1266 2534 Vncis
1297 2493 1356 2535 666

202 2581 357 2646 lectiones
379 2581 515 2664 inclusi,
547 2585 683 2667 quasin
707 2581 835 2647 schedis
858 2582 1047 2646 Heinsianis
1070 2604 1135 2646 non
1156 2589 1286 2644 notatas
1310 2603 1357 2644 ex

204 2693 435 2756 commentario
457 2693 701 2757 Burmanniano
725 2693 859 2778 sumpsi.

291 2800 568 2889 Orthographiam
584 2803 690 2888 quoad
705 2803 797 2890 potui
811 2802 854 2865 ad
870 2825 924 2866 eas
940 2824 1068 2866 normas
1084 2801 1250 2883 constitui,
1268 2784 1356 2886 quae

202 2912 253 2976 his
269 2915 363 2976 annis
380 2912 422 2976 ab
433 2912 475 2975 A.
485 2912 709 2994 Fleckeisenq
722 2911 965 2977 Fr.R.itseheli0
980 2911 1053 2976 aliis
1063 2913 1250 2998 propositae
1263 2921 1355 2976 sunt.

287 3022 358 3085 lam
384 3044 462 3086 uero
492 3021 587 3085 dulce
614 3031 715 3086 restat
743 3022 902 3106 officium,
937 3044 1000 3108 quo
1026 3023 1114 3114 ,uiris
1148 3021 1355 3086 doctissimis

201 3133 462 3216 humanissimis,
493 3134 549 3219 qui
577 3156 636 3197 sua
664 3155 716 3198 me
746 3155 842 3220 opera
864 3135 899 3197 in
920 3133 982 3198 hoc
1003 3131 1114 3197 libello
1138 3131 1354 3218 conponendo

201 3243 409 3325 adiuuerunt,
426 3245 548 3328 gratias
563 3266 670 3330 agam.
698 3243 845 3324 Quorum
861 3246 896 3308 in
910 3265 1043 3308 numero
1060 3242 1227 3327 egregium
1242 3240 1355 3305 locum

202 3353 266 3418 sibi
280 3355 530 3418 uindicauerunt
542 3354 602 3418 Fr.
616 3355 706 3418 Rits
715 3353 873 3418 chelius
889 3363 921 3418 et
937 3355 992 3440 qui
1007 3352 1226 3417 bibliothecae
1240 3354 1356 3437 regiae

201 3464 368 3528 Bonnensi
389 3463 544 3550 praefecti
567 3474 642 3529 sunt
656 3465 804 3550 Papius
829 3473 860 3528 61
884 3464 1086 3542 Κ16111116,
1112 3463 1168 3550 qui
1189 3483 1254 3525 una
1276 3483 1354 3526 cum

203 3575 249 3636 eis
266 3596 345 3659 quos
361 3596 459 3659 supra
473 3575 639 3639 nominaui
654 3583 687 3638 61
702 3575 830 3639 codices
846 3573 964 3660 quibus
981 3595 1061 3660 opus
1077 3572 1140 3637 fuit
1148 3621 1157 3656 ,
1175 3571 1350 3638 officiosis·

203 3685 284 3748 sime
312 3694 571 3770 conparauerunt
595 3693 627 3748 61
648 3664 761 3750 multis
783 3685 857 3749 aliis
880 3685 977 3749 rebus
999 3684 1081 3748 mihi
1108 3693 1350 3773 succurrerunt.

203 3793 317 3881 Neque
332 3795 439 3859 minus
454 3805 547 3880 grato
563 3799 670 3870 animo
687 3796 753 3859 Th.
769 3795 942 3881 Roeperi
956 3795 1144 3860 memoriam
1158 3792 1275 3874 recole,
1285 3785 1352 3879 ¹qui

202 3905 351 3970 doctrina
373 3915 405 3970 et
432 3906 633 3970 humanitate
655 3927 757 3992 aeque
776 3906 926 3990 ‚insignis
956 3915 1081 3970 tantam
1103 3926 1175 3968 meo
1198 3904 1289 3990 operi
1316 3913 1351 3967 et

202 4016 417 4082 examinando
440 4026 473 4081 61
502 4015 696 4105 expoliendo
720 4039 832 4080 curam
855 4014 1023 4097 adhibuit,
1051 4024 1087 4079 ut
1117 4024 1167 4080 sat
1194 4036 1350 4099 magnam

204 4128 273 4189 eius
295 4136 420 4212 partem
441 4127 530 4193 illius
547 4150 618 4192 esse
640 4126 867 4192 lubentissime
883 4126 1047 4192 confitear.
1084 4126 1236 4214 Denique
1258 4124 1349 4188 haud

202 4236 249 4299 ita
268 4258 371 4322 pauca
386 4238 445 4324 Fr.
461 4238 670 4306 Bressleri
692 4238 864 4323 sagacitati
886 4236 1065 4320 debentur,
1088 4237 1235 4322 plagulas
1257 4235 1349 4324 prelo

204 4345 382 4412 submissas
405 4359 555 4414 accurate
577 4350 783 4436 perscrutati.

288 4466 417 4532 Dabam
433 4465 562 4533 (ledani
581 4490 610 4531 6.
628 4468 659 4530 d.
677 4454 828 4531 XVOaL
846 4465 977 4532 Octobr.
996 4465 1301 4532 clocccnxvll.
1403 4454 1412 4465 ⁵

879 4608 924 4615 -η
