2902 4928
616 358 823 408 PRAEFATIO.

635 515 748 564 l'coibet

417 579 520 644 multa
540 589 629 643 metu
651 602 734 666 pene
757 603 840 667 pena
862 584 918 667 qui
940 605 971 668 p.
996 605 1024 644 c.
1048 582 1076 644 B

416 689 520 754 multa
540 699 630 753 metu
652 689 782 754 cohibet
805 699 837 754 et
859 712 942 777 pena
964 716 995 777 p.
1019 688 1046 754 c.
1071 692 1103 776 D

417 799 518 862 multa
539 810 628 864 metu
650 799 780 864 cohibet
801 823 906 887 poena
928 802 985 886 qui
1007 824 1038 886 p.
1061 823 1089 863 c.
1113 801 1170 865 ΟΡ

277 998 280 1002 .
416 908 517 972 multa
539 919 626 973 metu
648 932 772 995 poenae
794 912 849 996 qui
871 932 975 996 poena
997 935 1029 996 p.
1052 933 1080 973 c.
1104 911 1167 974 EG

238 1030 245 1049 ‘
281 1021 390 1104 etqui
412 1019 514 1083 multa
538 1030 625 1085 metu
647 1020 706 1083 sed
727 1042 831 1106 poena
853 1044 885 1106 p.
910 1043 937 1084 c.
961 1021 1011 1102 βΟ

415 1129 517 1194 multa
538 1140 627 1194 metu
654 1152 737 1217 pene
759 1132 816 1216 qui
838 1130 939 1194 multa
961 1129 1111 1194 cohercet
1132 1153 1242 1195 amore
1265 1134 1293 1195 L

236 1239 268 1322 1,
291 1241 326 1323 4,
350 1241 392 1304 36
414 1262 497 1325 quae
519 1240 601 1304 solet
623 1241 781 1305 esoniden
802 1263 838 1305 sa
861 1241 970 1302 carina
992 1241 1055 1304 fuit
1077 1242 1109 1302 A

409 1373 499 1435 quae
520 1350 596 1414 tulit
619 1351 773 1415 esoniden
795 1351 896 1414 densa
918 1352 1028 1414 carina
1050 1350 1113 1413 fuit
1136 1351 1165 1414 Ο

383 1474 390 1486 ‘
416 1515 424 1528 ‚
449 1509 479 1533 .,
482 1509 774 1522 ..........
799 1481 890 1523 sacra
913 1461 1023 1523 carina
1044 1459 1108 1523 fuit
1130 1461 1188 1524 CN

419 1618 771 1633 ............
795 1571 911 1633 firma.
931 1619 937 1632 .
957 1618 985 1632 ..
1003 1569 1294 1652 DEFGLPdcorr.

416 1762 481 1827 qua
502 1740 591 1805 subit
614 1739 764 1805 esonides
786 1678 867 1824 ligi
889 1741 999 1802 carina
1021 1739 1084 1802 fuit
1106 1740 1134 1803 B

237 1851 290 1934 II,
306 1855 336 1933 9,
353 1852 393 1915 37
418 1849 471 1913 fac
492 1849 651 1937 profugus
674 1851 760 1914 intra
782 1851 892 1933 tuaA

419 1960 472 2023 lac
493 1961 599 2048 prosis
622 1961 708 2024 intra
728 1970 786 2023 tua
807 1959 1008 2042 BOFLNPd

418 2069 471 2133 fac
492 2071 597 2156 prosis
620 2071 706 2134 inter
727 2078 784 2134 tua
805 2067 904 2133 ΒΕΘ

415 2179 468 2242 fac
489 2180 627 2265 profugo
649 2181 777 2265 prosint
798 2189 855 2244 tua
876 2200 937 2243 em.
960 2181 1000 2243 R.
1024 2143 1162 2244 Merkel.

236 2315 329 2397 Quae
349 2339 423 2380 cum
437 2317 484 2380 ita
499 2316 566 2380 sint
580 2316 633 2398 Αβ
649 2315 734 2380 solos
751 2315 931 2402 sequendos
947 2315 1018 2380 esse
1033 2315 1130 2380 facile
1145 2315 1293 2409 adparet.

152 2425 251 2506 Quod
274 2437 306 2490 et
320 2425 500 2491 Merkelius
523 2425 602 2490 fecit
624 2436 656 2490 et
678 2448 736 2490 nos
753 2424 812 2489 illo
826 2427 923 2490 etiam
938 2424 1130 2511 diligentius
1146 2425 1293 2508 fecimus,

150 2537 517 2624 praeeipuam‘operam
545 2538 575 2600 ei
602 2535 760 2601 librorum
782 2536 991 2601 Ponticorum
1017 2537 1103 2623 parti
1124 2545 1293 2620 nauantes,

136 2649 247 2733 'quam
268 2649 320 2711 uir
341 2646 397 2711 ille
423 2647 537 2712 doctus
566 2646 750 2728 codicibus,
780 2669 860 2732 quos
883 2647 983 2710 unice
1012 2647 1193 2732 sequendos
1223 2669 1294 2712 esse

151 2757 329 2841 intellexit,
352 2759 459 2822 minus
481 2757 640 2821 adhibitis
646 2807 655 2840 ,
678 2755 720 2820 ad
742 2757 873 2821 Heinsii
893 2779 1022 2820 normas
1046 2756 1165 2819 excudi
1187 2757 1293 2821 iussit.

235 2868 392 2932 Codicum
415 2890 494 2954 quos
509 2869 657 2932 recensui
672 2867 826 2932 lectiones
842 2867 1066 2955 discrepantes
1087 2883 1198 2931 omnes
1220 2889 1294 2931 conn

150 2979 260 3065 posui,
288 3001 353 3042 non
378 3002 441 3066 quo
463 3001 598 3064 magnos
620 2977 698 3042 inde
719 2977 845 3042 fructus
868 2977 1107 3040 redundaturos
1132 2998 1204 3040 esse
1226 2999 1293 3040 cre-

151 3088 262 3152 derem
283 3127 326 3136 —
347 3111 423 3151 nam
450 3091 557 3152 textui
584 3087 786 3152 restituendo
813 3088 942 3153 codices
964 3080 1131 3170 A¹AdOB'
1154 3086 1294 3152 sufficie-

150 3199 230 3263 bant
257 3238 314 3282 —,
349 3198 407 3264 sed
433 3209 470 3263 ut
498 3208 711 3285 quantopere,
746 3199 883 3264 saeculis
915 3180 1221 3285 progredientibus,
1258 3220 1296 3262 ea

151 3332 233 3396 quae
256 3309 396 3374 Ouidius
427 3311 574 3397 scripsit,
604 3332 624 3372 a
645 3331 723 3373 uera
744 3309 950 3395 genuinoque
972 3309 1076 3372 forma
1098 3307 1294 3373 declinauis·

151 3430 240 3502 sent,
268 3442 331 3483 uno
359 3421 452 3504 quasi
480 3429 660 3506 conspectu
687 3420 895 3484 manifestum
922 3418 1024 3482 fieret.
1069 3417 1178 3482 Aliam
1207 3420 1317 3495 uiam,

151 3527 399 3614 ingrediendam
421 3530 533 3594 censui
555 3531 590 3593 in
612 3530 659 3593 eis
682 3529 851 3595 codicibus
873 3529 1090 3613 adiungendis
1113 3551 1153 3592 ex
1175 3529 1295 3614 quibus

151 3639 307 3703 Heinsius
342 3660 440 3701 unam
476 3648 509 3702 et
541 3637 676 3703 alteram
708 3639 771 3704 loci
806 3638 980 3704 lectionem
1015 3639 1170 3704 enotauit.
1228 3637 1296 3718 Qui

152 3771 224 3812 cum
247 3747 315 3811 fere
337 3770 448 3813 omnes
471 3759 579 3814 essent
600 3741 832 3832 recentissimi,
857 3749 887 3812 ei
908 3758 1018 3813 autem
1040 3771 1119 3837 quos
1135 3749 1295 3814 Heinsius

152 3857 279 3924 saeculo
294 3857 366 3922 XII
380 3859 573 3946 adscripsit,
597 3863 676 3926 satis
698 3871 821 3926 temere
842 3858 1068 3946 interpolati*)
1094 3858 1147 3947 [cf.
1164 3863 1295 3925 Bemer-

102 4048 114 4059 '
219 4045 244 4115 *)
264 4050 342 4112 Quod
360 4049 379 4100 l.
393 4049 412 4102 l.
431 4051 464 4101 de
477 4051 685 4111 Twisdeniano,
703 4050 874 4114 Feschiano,
892 4053 1030 4102 Vaticano
1048 4050 1112 4101 aliis
1129 4049 1210 4101 libris
1228 4050 1295 4115 dixi,

153 4117 250 4183 plenos
269 4133 315 4168 eos
334 4133 394 4169 esse
412 4119 656 4186 interpolationum
674 4135 726 4169 nec
745 4119 901 4170 adtentum
920 4119 1120 4170 restituendum
1141 4118 1225 4168 ullius
1244 4119 1296 4168 ali·

152 4201 231 4250 quern
253 4186 386 4249 fructum,
411 4187 483 4237 idem
506 4187 574 4237 licet
594 4186 628 4236 de
648 4188 688 4238 eis
706 4187 874 4238 lectionibus
892 4187 998 4250 dicere,
1023 4203 1091 4252 quas
1110 4203 1143 4237 ex
1160 4186 1296 4237 Politiani

152 4253 276 4317 schedis,
299 4253 459 4304 Florentiae
480 4256 510 4304 in
533 4255 702 4306 bibliotheca
726 4256 960 4306 dominicanorum
984 4257 1117 4316 seruatis,
1141 4253 1295 4320 descriptas

152 4322 283 4372 Heinsius
300 4322 382 4372 nimis
400 4338 486 4388 saepe
502 4325 531 4372 in
550 4328 654 4373 textum
672 4324 774 4374 intulit.
804 4325 862 4374 Nee
880 4338 948 4389 opus
967 4327 1009 4374 ost
1019 4323 1126 4373 uerbis:
1145 4337 1216 4388 quae
1229 4323 1295 4373 inde

152 4390 283 4441 Heinsius
307 4389 343 4441 ad
365 4391 446 4456 primi
468 4389 636 4455 alteriusque
654 4391 719 4460 libri
738 4393 861 4442 carmina
878 4391 976 4442 laudat
995 4392 1144 4458 adponam,
1168 4391 1295 4443 codicum
