2902 4928
544 322 892 406 luem-am

273 516 376 581 nsque
399 516 456 581 per
478 495 663 558 innumeros
685 494 889 557 inueniemur
910 515 1006 559 aues:

233 607 303 669 siue
325 602 424 686 uelis,
450 606 506 691 qui
528 605 594 668 sint
616 626 721 668 meres
744 604 908 689 inquirere
929 605 1047 686 nostri,

170 723 211 780 20
276 737 417 778 errorem
439 715 557 778 misere
581 713 730 795 detrahe,
753 712 827 778 labe
849 723 969 778 carent.

232 834 268 889 tu
289 823 385 888 mede
408 824 437 888 si
460 823 539 910 quid
562 825 617 908 agi
639 824 785 909 sperabis
808 845 904 911 pesse
926 824 1105 909 prectrude,

276 957 355 1021 ques
379 932 474 1017 colis,
499 956 598 998 exera
620 933 765 1020 supplice
787 956 866 998 uoce
889 933 977 998 dees.

234 1043 268 1108 di
290 1044 351 1108 tibi
374 1053 449 1108 sunt
472 1043 592 1108 Caesar
613 1045 758 1107 iuuenis:
781 1053 837 1107 tua
858 1046 991 1108 numina
1013 1045 1123 1131 placa:

276 1153 336 1216 hac
358 1162 446 1218 certe
468 1152 558 1218 nulla
579 1162 629 1218 est
651 1154 759 1219 notior
780 1176 836 1216 ara
858 1143 930 1218 tibi.

170 1271 210 1328 25
233 1286 297 1328 nen
321 1264 399 1328 sinit
420 1261 477 1326 illa
499 1265 549 1328 sui
570 1286 672 1328 uanas
694 1265 852 1328 antistitis
875 1287 1028 1350 umquam

275 1395 346 1438 esse
368 1395 497 1460 preces:
521 1375 640 1438 nestris
662 1373 739 1437 hinc
760 1383 835 1460 pete
856 1373 953 1439 rebus
976 1398 1080 1461 opem.

233 1483 411 1570 quamlibet
433 1485 553 1568 exigua
575 1483 603 1547 si
625 1505 684 1549 nes
707 1506 745 1547 ea
767 1485 885 1548 iuuerit
907 1507 1000 1565 aura,

277 1593 392 1657 obruta
415 1593 456 1656 de
477 1593 594 1658 mediis
617 1594 733 1658 cumba
754 1604 902 1679 resurget
923 1596 1027 1680 aquis.

233 1713 311 1766 tune
333 1725 392 1787 ego
415 1711 488 1767 tura
509 1703 612 1768 feram
633 1704 757 1790 rapidis
783 1703 952 1768 sollemnia
973 1704 1128 1786 demmin,

171 1820 212 1877 30
277 1823 308 1877 et
329 1812 460 1878 ualeant
482 1823 639 1900 quantum
660 1816 794 1878 numina
815 1815 909 1879 testis
932 1835 997 1879 erc.

234 1945 294 1985 nec
316 1923 378 1987 tibi
400 1923 441 1986 de
464 1924 559 1988 Pario
582 1933 738 2005 statuam,
763 1923 972 2005 Germanice,
999 1923 1155 2011 templum
1229 2000 1231 2002 v

276 2055 450 2098 marmore:
473 2072 516 2080 -
537 2035 659 2120 carpsit
681 2056 758 2121 opes
780 2032 838 2097 illa
859 2035 953 2097 ruina
974 2057 1079 2098 meas:
1106 2032 1108 2041 '

235 2141 356 2231 templa
377 2141 492 2208 demus
516 2144 636 2208 facient
657 2144 751 2209 uobis
774 2145 936 2231 urbesque
959 2145 1089 2209 beatae:
1114 2185 1155 2192 -
1213 2174 1217 2180 ·

276 2253 364 2316 Naso
387 2255 454 2317 suis
477 2254 609 2340 opibus,
634 2255 790 2338 carmine,
813 2264 925 2338 gratus
950 2256 1021 2318 erit.

172 2369 212 2427 35
235 2385 336 2449 parua
358 2363 489 2449 quidem
512 2365 616 2428 fateor
637 2387 696 2450 pro
718 2366 844 2449 magnis
866 2386 1000 2428 munera
1020 2364 1129 2447 reddi,

278 2495 350 2536 eum
372 2496 431 2560 pro
454 2495 607 2538 concessa
628 2475 729 2538 uerba
751 2473 855 2541 salute
877 2473 1002 2539 damus.

236 2583 293 2646 sed
316 2584 490 2669 quiquam
512 2586 618 2670 potuit
641 2584 697 2650 dat
719 2586 878 2668 maxima,
907 2594 1018 2670 gratus
1040 2586 1170 2650 abunde
1193 2597 1252 2670 est,

279 2703 310 2757 et
332 2693 429 2756 finem
450 2695 555 2778 pietas
578 2696 716 2780 contigit
738 2695 794 2759 illa
816 2719 921 2761 suum.

237 2824 297 2866 nec
319 2825 401 2889 quae
424 2803 465 2866 de
487 2826 588 2890 parua
609 2826 732 2891 pauper
754 2804 806 2868 dis
829 2803 910 2869 libat
931 2828 1042 2870 acerra

172 2919 214 2976 40
277 2921 351 2976 tura
372 2915 479 2978 minus
500 2913 619 2999 grandi
641 2937 737 3001 quam
760 2914 836 2979 data
858 2915 950 2979 lance
975 2915 1101 2980 ualent:

235 3043 383 3108 agnaque
405 3033 471 3087 tam
493 3022 616 3089 lactens
640 3047 736 3110 quam
758 3026 905 3108 gramine
927 3033 1019 3110 pasta
1042 3024 1171 3091 Falisco

277 3133 412 3198 uictima
434 3133 590 3220 Tarpeios
613 3133 716 3198 inficit
738 3136 803 3198 icta
824 3133 924 3198 feces

220 3289 251 3337 18
269 3288 441 3338 inueniemur
463 3287 480 3353 β
502 3306 570 3340 corr.
593 3291 769 3340 inuenientur
787 3291 876 3354 Ense
902 3288 1119 3353 inueniantnrrp
1146 3290 1290 3342 inueninn·
1395 3350 1398 3355 ¹

152 3359 197 3404 tur
214 3371 230 3404 τ
294 3359 325 3406 19
342 3372 431 3423 mores
451 3358 498 3422 qni
517 3359 612 3408 sintE
636 3355 648 3424 ss
671 3363 779 3408 nestros
797 3375 811 3408 θ
829 3357 924 3408 derebus
941 3359 1017 3407 codd.
1036 3358 1071 3407 H.
1142 3360 1175 3408 22
1194 3376 1290 3409 exores

151 3439 167 3472 τ
189 3419 202 3488 ll
224 3436 293 3472 uoce
311 3424 503 3493 fegdeOSF
556 3429 588 3476 23
606 3424 769 3490 sintfiFLp
821 3428 854 3475 at
872 3441 925 3475 non
945 3429 1019 3474 estc
1042 3421 1053 3491 ΙΙ
1077 3427 1182 3476 mittier
1199 3428 1222 3475 F
1241 3429 1290 3477 mi-

152 3559 206 3606 tior
223 3565 246 3622 ψ
266 3559 369 3609 certior
386 3576 402 3609 τ
454 3561 487 3610 25
505 3575 559 3609 nen
581 3513 637 3628 {ppp
655 3561 677 3609 F
696 3576 747 3610 nee
766 3561 861 3611 Medic.
879 3549 950 3627 prsss
967 3561 1073 3611 sinetN
1091 3561 1159 3611 sinit
1177 3578 1226 3612 ars
1240 3565 1261 3612 1⁴}
1277 3560 1289 3625 Η

153 3627 265 3724 antispis
289 3626 312 3675 F
374 3629 407 3676 27
431 3627 556 3690 qualibet
577 3646 653 3679 eraso
671 3645 696 3677 m
719 3627 736 3693 β
760 3628 886 3694 qnalibet
908 3630 983 3694 Gne
1008 3627 1021 3696 Η
1049 3630 1159 3694 pauerit
1180 3647 1197 3680 τ
1258 3633 1291 3680 28

152 3727 243 3789 obruti
266 3733 362 3794 surget
386 3730 464 3793 aquis
483 3730 517 3780 de
539 3731 638 3780 mediis
662 3731 752 3780 cimba
775 3736 898 3796 resurget
921 3731 998 3796 aquis
1022 3733 1043 3780 F
1067 3731 1291 3781 media—resur·

153 3798 195 3860 git
213 3810 318 3860 aquae
386 3798 418 3848 29
437 3799 567 3848 sacrisD
592 3795 605 3864 Η
626 3799 779 3849 redolentia
797 3816 813 3849 r
881 3801 912 3849 31
932 3799 1027 3863 phario
1046 3800 1069 3847 L
1139 3801 1171 3849 32
1194 3800 1249 3849 ista
1267 3801 1291 3847 N

152 3867 264 3913 tantae
327 3867 360 3915 33
378 3865 482 3916 facient
499 3868 578 3916 uobis
596 3864 781 3932 ssCDFsGNP
800 3868 906 3915 faciunt
924 3867 1002 3917 uobis
1020 3866 1068 3928 Le
1087 3867 1166 3916 uobis
1185 3867 1292 3915 faciant

152 3930 519 3998 mansuefaciens,
589 3937 770 3998 espinosa
793 3929 807 3999 H
828 3934 983 3984 numinaG
1051 3935 1083 3983 36
1102 3932 1164 3981 dum
1183 3933 1207 3982 G
1259 3936 1290 3983 37

155 3999 202 4048 sed
221 4000 267 4063 qui
286 4015 356 4064 quae
374 4001 447 4055 LNdr
466 4005 514 4066 qui
532 4000 603 4065 quod
623 4002 672 4051 GD
695 3998 707 4067 Η
730 4006 826 4065 gratus
849 3999 940 4050 hrinde
960 4004 1002 4050 est
1025 4001 1048 4049 L
1110 4003 1143 4049 39
1167 3999 1239 4064 quod
1257 4001 1291 4050 de

153 4082 181 4131 p.
198 4066 262 4116 thus
280 4082 385 4132 pauper
402 4085 417 4118 τ
436 4068 488 4119 diis
505 4069 577 4118 libat
595 4085 700 4134 pauper
719 4085 731 4119 ε
755 4068 796 4118 dis
818 4083 924 4133 pauper
941 4068 987 4115 ΕΡ
1006 4068 1042 4116 H.
1061 4082 1148 4130 parua
1170 4083 1222 4118 nee
1245 4070 1292 4132 qui

153 4133 187 4182 de
205 4149 322 4203 papuper
340 4134 393 4185 diis
412 4137 435 4185 L
486 4139 519 4188 40
537 4137 635 4188 iuuant
653 4154 668 4187 τ
685 4135 798 4200 placent
816 4154 829 4186 τ
881 4137 913 4186 41
928 4134 1224 4199 gramina-phaliscis
1242 4152 1257 4186 τ

240 4275 278 4334 19
301 4284 411 4334 nostres
433 4279 497 4334 ΗΜ
560 4277 599 4333 28
622 4273 714 4347 cymba
736 4272 771 4328 H
832 4275 871 4331 33
900 4273 976 4330 uobis
1005 4273 1103 4329 saciant
1125 4274 1191 4330 HM
1252 4276 1291 4333 39

154 4357 194 4413 dis
216 4377 318 4434 pauper
338 4363 369 4417 Η
