2902 4928
176 318 219 382 40
655 330 703 376 nx
724 328 840 376 rouro

263 507 334 550 esse
356 486 488 571 quidem
510 483 615 547 fateor
635 483 786 545 meritam
808 489 881 568 post
903 480 1053 545 Caesaris
1076 481 1160 545 iram

201 603 241 660 20
305 594 473 658 difficilem
494 592 645 679 precibus
668 600 700 655 te
722 612 851 676 quoque
872 591 943 654 iure
964 591 1063 654 meis:

264 727 410 792 quaeque
431 714 487 768 tua
509 712 557 766 est
579 703 682 789 pietas
705 703 740 765 in
761 710 866 765 totum
885 722 1003 765 nomen
1024 699 1089 765 Iuli
1095 748 1105 782 ‚

306 825 339 878 te
360 812 462 894 laedi,
486 834 559 876 cum
581 814 653 897 quis
675 809 816 874 laeditur
837 808 914 873 inde
936 819 1043 896 putas.

265 924 324 988 sed
345 923 423 987 licet
444 943 533 984 arma
555 921 640 984 feras
664 929 696 984 ct
717 919 853 983 uulnera
875 941 973 982 saeua
995 921 1146 1003 mineris,

307 1055 372 1096 non
393 1042 503 1096 tamen
524 1030 662 1112 efficies,
684 1039 721 1093 ut
742 1030 877 1094 timeare
898 1029 989 1093 mihi.

203 1151 241 1208 25
264 1143 384 1229 puppis
406 1140 671 1205 Achaemeniden
693 1138 830 1204 Graium
853 1138 994 1203 Troiana
1015 1139 1139 1227 recepit
1146 1188 1155 1222 ‚
1208 1184 1210 1188 ι

308 1251 431 1339 profuit
453 1259 485 1314 et
505 1251 601 1336 Myso
623 1248 731 1314 Pelias
753 1249 848 1313 hasta
871 1249 956 1313 duci.

267 1361 415 1445 confugit
436 1359 601 1424 interdum
622 1358 737 1451 templi
757 1358 897 1423 uiolator
918 1359 961 1422 ad
983 1380 1089 1442 aram,

309 1493 369 1534 nec
391 1479 501 1556 petere
523 1470 638 1534 offensi
659 1470 800 1533 numinis
823 1468 932 1534 horret
954 1491 1059 1554 opem.

268 1582 390 1645 dixerit
411 1580 473 1645 hoc
494 1580 612 1666 aliquis
634 1589 742 1644 tutum
763 1599 828 1642 non
851 1599 937 1642 esse:
961 1578 1118 1643 fatemur:

205 1699 245 1757 30
309 1690 368 1754 sed
390 1713 455 1753 non
476 1713 535 1775 per
555 1688 701 1776 placidas
724 1690 750 1753 it
771 1710 843 1751 mea
865 1688 983 1774 puppis
1005 1711 1120 1774 aquas<

268 1810 338 1864 tuta
360 1809 472 1887 petant
494 1799 567 1882 alii,
591 1799 721 1864 fortuna
742 1799 925 1862 miserrima
946 1807 1018 1862 tuta
1039 1807 1105 1862 est:

309 1933 384 1974 nam
406 1911 504 1974 timor
526 1918 661 1974 euentus
685 1907 854 1994 deterioris
880 1907 983 1972 abest.

267 2021 456 2105 accipitrem
477 2029 623 2082 metuens
646 2019 762 2104 pennis
784 2018 1025 2104 trepidantibus
1041 2017 1108 2084 ales

310 2129 407 2192 audet
428 2128 472 2192 ad
492 2128 650 2192 humanos
673 2127 759 2191 fessa
780 2128 893 2191 uenire
916 2128 1023 2210 sinus,

206 2245 245 2302 35
268 2261 328 2301 nec
350 2260 385 2300 se
407 2239 516 2302 uicino
539 2237 667 2302 dubitat
689 2239 879 2302 conmittere
901 2246 1002 2319 tecto,

311 2370 393 2435 quae
414 2347 501 2432 fugit
522 2347 659 2413 infestos
681 2348 795 2411 territa
817 2369 914 2411 cerua
936 2368 1043 2412 canes.
1296 2362 1336 2413 40

187 2497 320 2504 —a-m—
335 2499 388 2504 ->—-

522 2553 611 2593 quoque
1067 2547 1147 2595 quanta
1160 2548 1193 2583 est

253 2598 284 2646 19
302 2596 401 2646 iudicis
419 2614 434 2646 τ
486 2597 519 2644 20
536 2605 592 2652 llll!
610 2597 632 2644 F
685 2597 716 2644 21
737 2610 807 2660 quas
825 2594 886 2646 tuis
893 2596 917 2645 A
936 2611 1060 2661 quaeque
1074 2612 1127 2661 que
1139 2601 1188 2646 tua
1201 2601 1245 2647 est
1262 2599 1284 2648 F

185 2666 217 2713 22
236 2664 469 2713 teledi—leditur
487 2662 511 2710 A
533 2660 545 2728 ΙΙ
568 2664 626 2727 ipse
646 2669 728 2727 putas
747 2662 857 2714 CGLsco
909 2667 941 2715 23
960 2665 1058 2714 funera
1076 2682 1092 2715 τ
1110 2655 1180 2714 seua
1196 2665 1220 2713 A
1243 2663 1255 2731 ΙΙ
1278 2668 1335 2716 mi-

185 2733 261 2780 naris
281 2732 303 2780 L
363 2734 396 2781 24
413 2747 467 2780 non
486 2734 501 2794 ζ)
520 2737 613 2780 tamen
631 2732 653 2781 F
674 2735 700 2779 et
716 2736 809 2780 tamen
829 2732 852 2782 G
875 2728 886 2798 ΙΙ
911 2730 1020 2781 efficias
1038 2731 1055 2798 β
1073 2749 1108 2782 ea
1125 2748 1194 2782 corr.
1214 2732 1239 2782 G
1297 2737 1335 2786 25

185 2799 423 2848 achemenidenA
446 2798 639 2849 achimeniden
663 2798 811 2849 CDEFGL
882 2801 914 2848 26
932 2800 1040 2850 mis0B
1064 2801 1147 2850 misso
1164 2801 1203 2852 Pe
1226 2801 1334 2853 misero

187 2866 211 2915 G
234 2863 245 2931 ΙΙ
268 2866 378 2930 telepho
392 2868 464 2917 FNm
483 2865 647 2928 thelephoL
667 2865 813 2931 telaphorp
835 2861 850 2934 ΙΙ
871 2867 967 2932 templi
979 2871 1155 2918 temeratorc
1206 2869 1239 2918 29
1257 2869 1334 2921 haec

471 2945 576 2988 latemur²

185 3002 235 3065 Dp
258 2997 270 3066 ΙΙ
293 3001 402 3051 fatebor
419 3002 442 3050 L
461 3008 589 3069 partemue
607 3002 630 3050 F
683 3004 715 3051 30
733 3002 755 3050 it
772 3002 851 3052 modo
871 3001 893 3053 G
917 2999 929 3068 ΙΙ
951 3003 1051 3067 puppis
1063 3000 1142 3068 Αβῖψ
1160 3003 1242 3053 nauis
1259 3018 1281 3054 π

186 3072 217 3119 31
237 3073 335 3132 petunt
353 3069 424 3129 cru
448 3066 459 3133 ΙΙ
482 3076 557 3130 tuta,
581 3085 634 3122 rec.
652 3086 716 3124 mara
736 3072 822 3122 adscr.
845 3074 940 3120 nostra
994 3076 1088 3120 nostra
1108 3075 1151 3120 est
1168 3070 1215 3135 Οψ
1232 3075 1335 3123 uestra

187 3141 229 3186 est
246 3139 269 3186 F
333 3140 366 3187 32
384 3153 443 3186 eum
461 3139 486 3187 D
508 3134 520 3203 ΙΙ
544 3138 727 3186 timereuentu
744 3136 769 3184 Α
787 3136 924 3202 euentud
951 3134 956 3202 Ι
985 3145 1044 3201 past
1068 3139 1133 3188 Ιιιιηο
1149 3154 1248 3188 uersum
1266 3142 1294 3190 in
1315 3141 1335 3206 β

185 3221 237 3255 rec.
255 3221 342 3254 munus
360 3207 511 3269 adscripsit:
531 3207 578 3269 qui
595 3205 701 3268 rapitur
720 3205 785 3254 fatis
805 3205 868 3268 quid
879 3211 992 3270 praeter
1010 3205 1070 3255 fata
1088 3207 1207 3271 requirat
1223 3205 1227 3266 Ι
1242 3222 1334 3274 saepe

187 3277 261 3322 creat
279 3272 375 3322 molles
394 3288 493 3338 aspera
518 3275 599 3338 spina
616 3287 703 3323 rosas.
739 3273 802 3322 daec
820 3280 902 3322 autem
919 3273 994 3323 dubet
1012 3273 1049 3322 A:
1073 3272 1333 3339 Quirapiturlpor·

185 3342 252 3405 rigit
275 3341 369 3404 spinas
392 3341 461 3390 dura
484 3355 556 3404 quae
585 3356 661 3390 saxa.
700 3342 766 3390 trade
792 3341 818 3389 in
840 3343 933 3390 ceteris
955 3341 1082 3390 codicibus
1103 3342 1167 3390 daec
1187 3343 1246 3404 fere
1266 3345 1335 3406 ficta

186 3416 256 3457 sunt:
277 3409 323 3471 qui
342 3409 446 3472 rapitur
464 3409 531 3458 fatis
551 3409 615 3472 quid
639 3404 701 3473 [nil]
722 3412 833 3472 praeter
851 3407 912 3457 fata
930 3408 1045 3472 requirit
1064 3405 1198 3472 [requirat
1215 3427 1230 3458 τ
1249 3425 1335 3474 repe·

186 3477 241 3524 riet
260 3472 285 3539 τ]
304 3474 308 3535 Ι
324 3490 405 3540 saepe
425 3481 501 3526 creat
519 3475 615 3526 molles
635 3491 735 3540 aspera
752 3476 833 3539 spina
857 3490 934 3525 rosas
957 3475 1079 3524 BODrL
1102 3478 1148 3540 qui
1166 3493 1187 3525 r.
1205 3477 1224 3528 f.
1243 3493 1269 3541 q.
1287 3495 1333 3542 pr.

187 3543 207 3595 f.
221 3557 242 3590 r.
258 3540 262 3605 Ι
278 3544 393 3606 porrigit
411 3543 446 3592 ad
458 3544 553 3607 spinas
566 3542 687 3605 duraque
701 3558 769 3592 saxa
783 3557 879 3592 manus
891 3544 913 3592 E
933 3543 981 3606 qui
993 3558 1013 3591 r.
1027 3542 1046 3591 f.
1060 3557 1085 3606 q.
1098 3559 1139 3608 pr.
1152 3543 1171 3592 f.
1185 3559 1206 3596 r.
1222 3543 1227 3607 Ι
1242 3558 1333 3612 saepe

189 3613 266 3658 creat
284 3624 318 3657 m.
339 3625 396 3672 asp.
416 3625 456 3674 sp,
476 3626 553 3659 rosas
569 3610 573 3673 Ι
590 3610 635 3674 qui
657 3611 764 3674 rapitur
787 3613 932 3675 spumante
951 3610 1009 3660 salo
1034 3625 1083 3659 sua
1101 3611 1218 3661 brachia
1237 3616 1334 3679 campi

187 3676 212 3726 N
230 3676 276 3739 qui
294 3690 316 3724 r.
337 3676 355 3724 f.
375 3692 400 3739 q,
419 3692 459 3739 pr.
480 3677 499 3725 f.
518 3693 539 3728 r.
555 3673 559 3742 Ι
575 3692 597 3726 s.
617 3692 654 3729 er.
673 3694 707 3727 m.
728 3693 785 3742 asp.
811 3693 851 3742 sp.
870 3692 946 3726 rosas
963 3676 967 3738 Ι
983 3678 1031 3741 qui
1052 3679 1159 3743 rapitur
1181 3687 1333 3745 spumante

187 3742 247 3793 salo
272 3740 354 3808 [freto
379 3741 401 3807 ε]
430 3759 479 3792 sua
500 3743 616 3794 brachia
641 3744 757 3796 tendens
773 3744 777 3810 Ι
793 3745 915 3808 Porrigit
941 3745 974 3794 ad
998 3744 1092 3808 spinas
1116 3745 1237 3810 duraque
1261 3763 1334 3800 saxa

188 3825 285 3861 manus
298 3810 335 3860 Ρε
348 3812 387 3860 cd.
401 3828 443 3874 pr.
457 3812 490 3873 cf.
503 3827 564 3861 tuus.
581 3812 653 3864 rhen.
667 3812 692 3862 X
696 3813 754 3863 XII
765 3829 793 3876 p.
807 3815 858 3861 207
871 3827 910 3876 sq.
958 3815 990 3862 33
1008 3813 1223 3878 accipitremque
1240 3811 1334 3881 [anei-

187 3882 342 3944 pitremque
357 3875 386 3945 [n
399 3881 424 3928 in
436 3875 504 3945 ras.]
519 3877 551 3944 P]
564 3879 664 3929 timens
674 3878 929 3952 ApBCDnGLNPs
940 3880 1101 3944 ancipitrem
1111 3885 1235 3932 metuens
1248 3883 1269 3932 P
1283 3898 1332 3933 ac·

188 3982 314 4047 cipitrem
332 3984 457 4031 metuens
470 3980 591 4044 Oiofamcs
602 3977 614 4046 ΙΙ
625 3957 730 4045 pennis
749 3979 765 4042 β
788 3977 800 4046 ΙΙ
824 3996 893 4032 anas
910 3981 931 4031 B
984 3984 1017 4031 36
1036 3997 1097 4031 cum
1114 3983 1187 4047 fugit
1204 3985 1229 4034 D
1251 3979 1264 4050 ΙΙ
1287 3984 1332 4034 in-

189 4050 275 4100 festas
293 4057 316 4113 ψ
335 4049 438 4100 infesto
456 4049 481 4098 A

273 4238 342 4292 Post
364 4257 391 4294 u.
409 4238 448 4295 32
472 4241 518 4313 qui
532 4242 635 4313 rapitur
650 4247 790 4314 spumante
812 4239 878 4300 salo,
901 4243 949 4293 sua
968 4236 1074 4294 brachia
1089 4241 1158 4295 cauti
1179 4240 1183 4310 Ι
1202 4242 1331 4316 porrigit,

191 4328 218 4375 et
240 4323 328 4394 spinas
352 4322 471 4397 duraque
494 4341 555 4379 saxa
577 4326 647 4398 capit
669 4325 704 4381 M
765 4323 804 4381 36
827 4323 938 4380 infestus
961 4324 994 4380 H
