2902 4928
153 344 210 408 128
625 356 672 404 mr
695 356 810 407 rouro

277 513 397 597 detque
419 510 539 575 bonum
563 519 637 574 uoto
660 509 788 575 lucidus
812 531 905 575 omen
928 532 1024 597 apex.

172 630 211 686 55
235 625 374 704 interea,
398 642 461 707 qua
483 629 574 706 parto
596 618 687 704 licet,
711 643 752 684 ne
775 630 891 685 cuncta
913 642 1104 707 queramur,

276 733 329 796 hic
352 752 480 818 quoque
501 739 534 794 te
556 729 675 794 festum
697 730 828 795 consule
850 740 977 817 tempus
999 753 1107 815 agam.

234 842 337 906 altera
358 840 502 905 laetitiae
524 862 584 903 nec
606 841 724 904 cedens
748 864 846 906 eausa
867 842 969 928 priori

278 941 444 1016 successor
466 952 549 1015 tanti
572 950 673 1016 frater
694 951 826 1016 honoris
849 953 921 1015 erit.

235 1086 310 1126 nam
332 1061 395 1126 tibi
416 1062 542 1126 finitmn
565 1085 705 1144 summo,
729 1061 907 1144 Graecine,
931 1060 1107 1125 Decembri

175 1183 215 1239 60
280 1174 441 1259 inperium
463 1172 537 1235 Iani
559 1172 697 1258 suscipit
718 1170 773 1235 ille
798 1173 862 1235 die.

237 1305 383 1370 quaeque
406 1293 455 1346 est
477 1283 511 1345 iu
532 1282 626 1346 uobis
648 1283 770 1369 pietas,
793 1282 919 1346 alterna
940 1282 1052 1345 feretis

278 1392 416 1478 gaudia,
439 1402 475 1456 tu
496 1392 607 1456 fratris
629 1392 791 1476 fascibus,
813 1392 869 1457 ille
890 1394 967 1457 tuis.

238 1506 285 1568 sic
306 1504 413 1568 tubis
436 1502 536 1566 fueris
560 1502 688 1586 consul,
712 1502 763 1566 bis
786 1502 899 1567 consul
921 1512 953 1566 ct
975 1483 1045 1586 ille,

279 1615 378 1700 inque
400 1612 496 1677 domo
517 1612 625 1676 bimus
647 1614 866 1700 conspicietur
886 1614 998 1677 honor.

174 1732 212 1789 65
236 1725 292 1810 qui
315 1745 508 1809 quamquam
531 1732 580 1788 est
602 1723 719 1808 ingens
742 1732 774 1787 ct
795 1723 920 1789 nullum
942 1723 1062 1786 Martia
1084 1744 1217 1787 summo

279 1833 377 1897 altius
399 1834 561 1920 inperium
584 1833 716 1897 consule
737 1835 841 1899 Roma
862 1833 967 1916 uidet,

236 1943 433 2030 multiplicat
454 1953 563 2008 tamen
584 1944 671 2008 hunc
692 1945 838 2029 grauitas
860 1945 1002 2008 auctoris
1025 1942 1202 2028 honorem,

280 2065 311 2118 et
333 2038 537 2118 maiestatem
558 2076 611 2118 res
635 2054 711 2118 data
733 2054 841 2118 dantis
864 2053 973 2119 habet.

237 2164 367 2228 iudiciis
390 2166 492 2248 igitur
513 2164 609 2229 liceat
631 2165 815 2252 Flaccoque
836 2165 962 2251 tibique
983 2210 987 2217 ι

175 2284 215 2341 70
278 2275 399 2339 talibus
422 2277 566 2360 Augusti
588 2285 714 2362 tempus
737 2277 772 2339 in
794 2297 888 2339 omne
911 2275 985 2338 frui.

236 2395 272 2450 ut
294 2396 402 2450 tamen
424 2408 444 2449 5
464 2408 572 2450 rerum
595 2409 672 2450 cura
693 2387 845 2473 propiore
867 2383 1012 2467 uacabit,

278 2507 355 2561 uota
376 2518 490 2582 precor
510 2498 596 2561 uotis
619 2496 731 2560 addite
752 2506 864 2562 uestra
885 2496 981 2576 meis,

237 2617 269 2671 et
291 2609 319 2670 si
342 2629 437 2694 quem
459 2607 551 2672 dabit
572 2629 650 2671 aura
673 2608 796 2691 sinum,
819 2608 939 2670 iactato
961 2604 1133 2688 rudentes,

280 2727 374 2782 exeat
396 2740 414 2781 e
436 2717 566 2806 Stygiis,
584 2728 620 2782 ut
642 2740 714 2781 mea
735 2718 828 2781 nauis
851 2717 954 2803 aquis.

174 2835 212 2892 75
236 2828 377 2914 praefuit
399 2827 451 2892 his
459 2878 468 2911 ,
493 2827 671 2911 Gramine,
695 2828 774 2893 locis
797 2827 893 2891 modo
917 2825 1069 2908 Flaccus,
1094 2833 1126 2889 et
1150 2825 1206 2889 illo

277 2938 350 3025 ripa
370 2939 465 3003 ferox
486 2938 594 3003 Histri
616 2939 676 3003 sub
699 2939 782 3004 duce
803 2948 874 3003 tuta
894 2937 967 3001 fuit.

235 3048 289 3112 hic
310 3050 415 3113 tenuit
434 3048 547 3136 Mysas
569 3059 683 3135 gentes
706 3050 741 3113 in
766 3070 846 3136 pace
866 3046 971 3111 fideli:

218 3301 252 3349 54
273 3300 347 3349 uotis
369 3299 393 3350 G
421 3297 433 3365 ΙΙ
459 3300 567 3351 lucibus
592 3301 616 3351 G
684 3302 716 3350 57
739 3299 868 3350 laetitiae
893 3301 934 3348 est
956 3294 1145 3362 HCDFGLNP
1164 3295 1287 3347 laetitiae

151 3369 199 3430 Εψ
218 3369 254 3416 H.
273 3367 417 3418 laetitias
441 3365 453 3434 ΙΙ
476 3368 556 3418 cedet
579 3367 674 3418 ODFro
693 3367 807 3418 credens
829 3367 850 3416 P
911 3367 944 3416 58
961 3365 1063 3415 flaccus
1084 3363 1198 3415 honoris
1216 3365 1241 3415 N

151 3439 183 3486 59
202 3436 331 3500 grecinne
343 3436 367 3485 G
383 3433 397 3502 H
411 3437 466 3486 iam
485 3437 609 3486 functum
627 3452 731 3486 summo
750 3451 791 3502 gr.
804 3434 955 3486 decembris
972 3433 997 3485 N
1048 3433 1082 3482 62
1101 3432 1256 3498 fastibusp

707 3523 732 3557 tu

151 3573 183 3620 63
203 3570 299 3620 consul
319 3571 447 3635 suerisp
470 3568 482 3636 ΙΙ
505 3573 545 3622 5ῐ5
564 3588 669 3638 quoque
688 3570 731 3634 bis
750 3571 835 3621 fueris
854 3571 896 3620 bis
916 3571 937 3621 F
993 3571 1027 3618 64
1044 3569 1132 3619 bimus
1151 3568 1174 3617 L
1193 3569 1231 3618 H.
1251 3568 1288 3618 bi-

151 3653 200 3686 nus
219 3636 427 3702 HODEFGsNP
451 3636 463 3705 ΙΙ
486 3641 637 3705 aspicietur
656 3657 669 3692 ε
685 3638 697 3706 ΙΙ
719 3639 846 3690 honosP
898 3640 931 3688 65
954 3641 982 3686 56
1000 3651 1163 3700 quamquam
1182 3635 1207 3685 G
1257 3637 1289 3686 67

151 3707 256 3754 actoris
274 3707 346 3755 EFN
398 3708 429 3755 71
448 3722 509 3755 cum
526 3713 620 3760 tamen
638 3709 779 3760 DFGeNP
798 3705 868 3772 quod
887 3711 905 3756 t.
924 3706 964 3756 Le
982 3710 1012 3755 ut
1031 3709 1052 3756 6.
1073 3701 1206 3770 [67]οΕψ
1226 3705 1261 3757 ΙΙ.
1276 3702 1287 3768 ΙΙ

150 3774 289 3838 propriore
307 3773 354 3823 FL
374 3789 439 3823 eura
457 3790 548 3826 rerum
569 3779 734 3842 propriaque
758 3792 771 3826 s
794 3772 806 3841 il
828 3775 942 3825 uocabit
963 3772 1012 3824 ΕΘ
1035 3773 1193 3832 uacabistp
1258 3774 1289 3822 72

151 3842 248 3891 addice
268 3841 292 3892 (t
344 3843 375 3892 73
395 3849 422 3893 56
441 3843 465 3892 si
484 3845 548 3906 quin
566 3863 581 3894 τ
600 3852 627 3894 56
646 3847 670 3893 si
689 3859 744 3908 qua
763 3842 929 3895 CDEFGNe
947 3846 976 3892 et
994 3842 1018 3891 si
1036 3855 1116 3905 quem
1134 3837 1199 3905 pLP
1218 3841 1255 3891 H.
1275 3836 1288 3906 Η

150 3911 255 3959 iactate
278 3906 509 3974 donaremur)
533 3909 576 3976 [ef.
595 3913 654 3975 III,
674 3915 699 3975 2,
719 3916 736 3961 5
753 3911 805 3961 Cic.
824 3917 887 3960 tusc.
910 3912 946 3973 V,
966 3912 1006 3968 14,
1026 3911 1059 3958 40
1086 3910 1290 3972 7155θί695559.

151 3978 191 4036 ΙΙ,
207 3974 270 4044 355]
290 3979 396 4027 iactare
414 3994 430 4027 e
448 3977 542 4027 laxate
561 3981 602 4032 ed.
620 3997 661 4044 pr.
680 3980 748 4032 HM.
801 3980 834 4029 74
852 3983 894 4029 556
912 3975 1018 4042 styg.O
1038 3993 1054 4025 5
1066 3977 1158 4041 stigiis
1175 3976 1289 4026 DFLsP

75 4054 77 4057 ·
151 4050 232 4094 excat
250 4045 357 4095 euxinis
375 4063 390 4094 τ
417 4042 429 4111 ΙΙ
453 4047 551 4110 cymba
569 4049 649 4097 uadis
667 4049 691 4096 D
745 4049 777 4097 75
796 4044 986 4111 graccinneG
1040 4045 1073 4094 76
1091 4045 1171 4111 rippa
1189 4045 1212 4092 Ε
1258 4045 1290 4095 77

150 4113 248 4161 terruit
265 4113 311 4162 hic
329 4117 426 4178 gentes
444 4115 544 4164 missas
564 4116 587 4166 G
605 4120 703 4181 gentes
720 4116 810 4165 iussas
830 4115 885 4164 s¹N
904 4130 930 4179 g.
948 4112 1047 4162 missas
1066 4109 1094 4163 ε2
1115 4112 1208 4178 gentis
1226 4113 1291 4162 mis*

151 4194 197 4228 555
215 4178 238 4229 l’
257 4181 356 4230 missus
373 4182 396 4231 E
415 4183 513 4234 missas
531 4184 555 4234 L
574 4185 673 4235 missus
690 4184 713 4232 P
732 4185 835 4233 missae
853 4184 903 4232 Dco
921 4183 1010 4232 iussos
1028 4181 1051 4230 F

236 4387 274 4447 73
298 4388 381 4446 laxate
404 4391 465 4449 HM
