2902 4928
612 362 822 417 PRAEFATIO.
1237 362 1299 415 tux

151 514 181 581 B
237 520 337 583 ib.'5l
362 521 655 597 nitorAsurorB
709 528 746 587 io.
769 523 810 586 69
833 523 935 584 ilch
958 520 1070 599 ipseB
1125 520 1176 601 ΙΙ,
1198 522 1235 602 5,
1259 523 1301 584 (50

148 634 281 713 foedera
304 637 426 709 quisque
448 631 477 693 A
500 637 602 696 sidero
624 653 737 710 queque
759 632 787 693 B
832 631 877 713 ΙΙ,
902 634 932 713 7,
948 633 991 695 40
1011 640 1164 694 canantur
1186 630 1217 693 A
1239 651 1298 694 mo-

152 752 262 803 nentur
284 740 311 802 B
355 739 408 820 ΙΙ,
432 742 462 822 7,
485 741 532 805 45<
549 753 673 805 caerulo
696 744 726 805 A
749 749 868 805 calcato
891 741 918 803 B
963 740 1014 822 ΙΙ,
1040 742 1075 821 8,
1102 742 1139 805 13
1162 746 1298 804 ridebam

153 851 186 912 A
210 855 335 913 solebam
357 849 386 911 Β
429 854 466 913 io.
489 853 526 914 21
553 859 583 914 io
607 852 638 915 A
660 856 698 915 cb
721 851 749 914 B
793 852 839 933 ΙΙ,
856 855 886 932 8,
903 852 944 913 till
966 858 1009 913 sic
1031 856 1253 927 {orooraoarme's
1268 854 1297 914 A

149 966 196 1022 sic
218 967 329 1037 iuuyor
351 964 389 1022 ub
402 967 496 1022 armis
511 960 538 1022 B
582 962 629 1042 ΙΙ,
646 963 676 1042 9,
693 962 731 1024 21
748 982 899 1026 commune
914 966 983 1024 deos
999 962 1029 1024 A
1044 982 1195 1025 ronrmuoe
1210 967 1300 1024 decos

150 1069 181 1132 B
197 1115 207 1125 „
226 1069 273 1150 ΙΙ,
289 1070 320 1150 9,
335 1069 377 1134 26
399 1077 459 1134 icta
481 1078 557 1135 iouis
579 1073 609 1134 A
632 1079 695 1134 ullu
717 1078 792 1134 iouis
814 1071 842 1133 B
885 1076 925 1133 io.
942 1072 985 1134 30
1005 1093 1061 1135 cur
1083 1094 1138 1134 suu
1159 1083 1246 1134 sexta
1268 1074 1298 1134 A

149 1201 211 1242 cur
232 1200 287 1244 sua
309 1201 400 1244 sacra
423 1179 452 1242 B
473 1192 527 1245 etc.
1157 1215 1165 1250 t

239 1296 331 1361 Haec
358 1297 539 1379 sufficient,
568 1321 611 1362 ex
640 1298 757 1384 quibus
786 1298 863 1362 libri
887 1299 915 1361 B
937 1308 1054 1363 natura
1081 1297 1297 1384 intellegatur.

150 1408 194 1471 In
222 1429 317 1492 quem
344 1430 417 1471 cum
445 1431 487 1472 ex
514 1408 604 1473 fonte
634 1412 713 1472 satis
742 1408 827 1473 bono
855 1412 976 1495 quique
1002 1408 1044 1472 ab
1067 1411 1096 1471 A
1119 1408 1207 1472 nullo
1230 1408 1299 1472 fore

149 1515 325 1582 interuallo
348 1516 485 1582 distaret
508 1519 675 1583 deriuatus
699 1520 758 1601 sit,
782 1530 891 1582 tamen
914 1542 933 1582 a
955 1520 1110 1605 temporis
1134 1541 1197 1604 quo
1220 1519 1311 1590 scri,

150 1636 229 1714 ptus
253 1637 301 1690 est
323 1628 465 1710 ratione,
488 1651 552 1714 quo
572 1639 718 1714 ternpore
740 1629 925 1712 corrigendi
947 1629 981 1691 in
1004 1651 1098 1691 usum
1121 1627 1299 1711 legentium

150 1745 264 1801 textus
292 1738 437 1802 studium
469 1738 611 1803 effloruit
625 1741 664 1823 ¹),
698 1740 778 1802 satis
811 1737 906 1801 multi
940 1740 1129 1801 inusserunt
1162 1758 1297 1818 errores,

150 1846 282 1932 quibus·
294 1850 470 1914 auctoritas
494 1850 563 1913 eius
585 1848 682 1912 ualde
703 1849 871 1912 minuitur.

239 1956 364 2038 Quinto
386 1957 456 2023 loco
478 1960 629 2046 ponenda
650 1959 805 2024 uidentur
826 1974 1009 2021 nxcsnrrn
1031 1957 1220 2022 Senmonru
1237 1957 1297 2041 (Ο)

149 2089 292 2154 quorum
313 2079 523 2156 conspectum
546 2069 684 2134 Heinsio
706 2068 862 2132 debemus
887 2067 972 2152 (cod.
995 2066 1076 2132 bibl.
1099 2089 1167 2152 reg.
1190 2065 1298 2132 Berol.

152 2178 266 2261 1076),
290 2180 346 2265 qui
367 2179 439 2266 ipsc
462 2181 576 2266 quanti
598 2181 664 2245 sint
685 2180 784 2266 pretii
805 2177 916 2242 uerbis
939 2176 1118 2241 declarauit
1130 2179 1173 2263 ²),
1195 2200 1240 2257 re,
1263 2187 1299 2241 ut

150 2285 238 2352 solet
259 2293 476 2355 recentiorum
498 2288 656 2354 librorum
678 2287 850 2373 elegantiis
874 2287 1021 2372 selectis,
1047 2288 1153 2350 minus
1182 2286 1297 2374 proba·

151 2400 215 2463 uit.
259 2398 355 2464 Nunc
381 2399 440 2464 ubi
468 2399 509 2464 de
537 2398 782 2483 Hamburgensi
803 2380 888 2462 libro
910 2399 1030 2462 rectius
1053 2397 1234 2479 iudicatur,
1257 2418 1298 2460 ne

149 2509 234 2573 haec
277 2509 410 2596 quidem
454 2520 624 2597 excerpta,
677 2531 750 2572 cum
793 2509 1065 2594 Argentoratensi
1113 2507 1297 2570 accuratius

144 2618 367 2709 ‘archetypum
395 2630 587 2706 sequantur,
616 2617 907 2706 praetermittenda
935 2629 1020 2682 sunt.
1064 2616 1163 2697 Quod
1185 2617 1297 2703 paucis

149 2729 235 2792 locis
257 2730 292 2792 in
315 2739 490 2817 conspectu
512 2730 630 2818 positis
653 2727 750 2792 facile
772 2726 974 2813 intellegitur

323 2839 357 2923 Ι,
380 2841 416 2922 9,
438 2840 481 2904 24
507 2820 770 2925 ηθόὶςῃοεοίῒιπ
792 2877 834 2886 -
856 2859 956 2922 negas
981 2841 1011 2901 A

367 2933 371 2940 ’
509 2971 569 3013 uec
591 2950 717 3034 ignosci
740 2971 796 3013 cur
818 2987 860 2998 —
882 2970 982 3033 negas
1005 2947 1035 3012 Ο

508 3081 569 3123 nec
590 3059 718 3144 ignosci
740 3069 777 3123 tu
799 3099 840 3108 -
862 3081 946 3144 nega
967 3058 1018 3141 Ββ

306 3169 340 3252 Ι,
365 3171 420 3253 10,
446 3169 485 3234 15
508 3171 619 3233 cuiuos
642 3171 674 3234 A
696 3171 801 3233 cuiuis
825 3171 877 3252 Οβ
900 3169 991 3232 cuius
1015 3168 1043 3230 B

307 3279 359 3361 ΙΙ,
382 3281 420 3362 3,
445 3279 487 3343 84
508 3278 642 3343 aeithali
664 3279 747 3344 silua
768 3281 822 3362 Αβ

509 3387 604 3453 ithali
627 3389 710 3454 silua
732 3389 761 3455 Ο

510 3498 588 3563 itala
610 3497 744 3564 siluaB
819 3583 823 3594 Ι

308 3609 359 3692 ΙΙ,
383 3611 419 3692 7,
442 3609 628 3692 35uercar
649 3631 713 3696 qua
734 3611 750 3676 ἶ
771 3620 841 3674 reat
862 3611 894 3673 A

511 3741 625 3784 uerear
647 3741 710 3806 quo
732 3728 857 3784 terrear
876 3721 898 3801 β

510 3851 624 3894 uerear
646 3851 710 3916 qua
730 3837 767 3894 tu
789 3850 863 3893 rear
884 3829 914 3893 Ο

511 3949 621 4004 uertor
643 3941 719 4026 quia
740 3948 774 4004 te
794 3960 868 4004 rear
890 3939 918 4002 B

155 4047 362 4058 ——-——

228 4130 254 4195 1)
273 4131 338 4181 inde
357 4130 516 4196 repetierim
535 4129 606 4193 quod
623 4131 652 4179 in
670 4130 693 4179 B
711 4131 748 4193 11,
767 4131 791 4191 2,
811 4131 880 4193 8sq.
897 4127 933 4190 11,
951 4127 976 4188 2,
994 4127 1027 4175 33
1039 4138 1080 4188 sq.
1100 4122 1207 4189 aliquot
1223 4125 1299 4176 disti·

153 4200 210 4252 cha
228 4199 418 4261 inueniuntur,
442 4198 536 4248 multis
555 4198 722 4248 coniecturis
741 4211 867 4260 aspersa,
894 4210 928 4244 cx
950 4192 1047 4258 quibus
1066 4197 1131 4256 quot
1150 4192 1299 4257 qualesque

152 4267 282 4320 homines
302 4267 331 4316 in
354 4266 416 4316 istis
439 4267 508 4317 locis
532 4265 730 4316 desudaucrint
756 4263 938 4328 cognoscitur.
977 4261 1073 4324 Longe
1098 4260 1180 4309 aliter
1201 4276 1245 4309 res
1269 4277 1299 4311 ss

152 4336 244 4387 habet
265 4336 307 4385 iu=
318 4334 377 4385 cod.
394 4334 553 4384 Busilcsnsi
572 4333 608 4384 cf.
625 4331 820 4397 Bemerlcoaqen
842 4347 888 4380 zur
905 4328 1195 4393 Hoadsclm'ftenlcundc
1211 4344 1238 4392 p.
1258 4331 1298 4381 10,

223 4402 252 4467 2)
271 4403 359 4468 praef.
380 4417 423 4468 sp.
442 4402 589 4452 Burmann.
609 4402 653 4453 III
670 4417 696 4467 p.
717 4402 764 4451 ⁷01
780 4401 805 4452 b.

1060 4479 1098 4532 b*
