2902 4928
151 373 211 436 110
627 385 674 434 ax
696 384 811 434 rouro

275 539 407 603 ducitur
429 548 461 602 et
484 538 597 623 digitis
620 538 730 602 littera
752 561 825 602 rara
847 540 939 603 meis.

170 656 209 713 25
232 651 361 736 inpetus
384 647 439 712 ille
461 671 567 731 sacer,
591 650 648 736 qui
669 659 781 713 uatum
804 658 936 735 pectora
957 628 1077 730 nutrit,

275 761 331 845 qui
353 761 443 846 prius
466 761 500 823 in
522 759 617 824 nobis
641 781 711 824 esse
734 758 860 824 solebat
868 768 886 842 ‚‘
900 757 1005 824 abest.

232 872 291 933 uix
313 871 405 933 uenit
426 869 468 933 ad
491 879 616 956 partes,
639 871 699 933 uix
721 879 871 956 sumptae
893 869 990 933 Musa
1011 866 1153 933 tabellae

275 980 403 1066 inponit
424 981 534 1066 pigras
557 1002 660 1066 paene
682 989 794 1044 eoaeta
815 1002 941 1044 manus.

232 1112 413 1176 paruaque,
436 1111 477 1152 ne
499 1090 608 1154 dicam
630 1089 796 1154 scribendi
818 1088 908 1153 nulla
930 1088 1082 1176 uoluptas

170 1209 210 1264 30
275 1210 325 1263 est
346 1199 437 1282 nuni,
460 1222 520 1263 nee
542 1201 684 1265 numeris
705 1209 835 1265 neetere
858 1199 959 1291 uerba
981 1200 1087 1262 iuuat:

234 1311 304 1374 siue
327 1311 413 1395 quod
435 1310 512 1374 hine
534 1311 660 1375 fmetus
682 1311 763 1376 adeo
785 1333 848 1376 non
873 1309 1018 1395 cepimus
1040 1308 1142 1391 ullos,

275 1421 473 1506 principium
496 1422 599 1484 nostri
621 1443 673 1484 res
696 1423 739 1485 sit
760 1430 796 1484 ut
817 1422 881 1485 ista
903 1419 996 1483 mali:

234 1532 304 1593 siue
327 1530 413 1616 quod
436 1532 468 1594 in
491 1531 636 1595 tenebris
659 1553 846 1596 numerosos
869 1551 990 1616 ponere
1011 1538 1142 1614 gestus,
1164 1550 1169 1554 ·

276 1640 426 1727 quodque
448 1640 538 1726 legas
561 1641 642 1706 nulli
665 1641 808 1706 seribere
831 1661 961 1704 carmen
968 1691 977 1724 ,
1001 1639 1089 1703 idem
1112 1647 1171 1702 est.

172 1760 211 1817 35
234 1753 358 1816 excitat
380 1751 512 1815 auditor
533 1752 677 1816 studium
701 1751 896 1837 laudataque
918 1752 1023 1814 uirtus

277 1863 393 1926 ereseit
416 1872 448 1925 et
471 1863 653 1926 inmensum
675 1861 781 1947 gloria
803 1860 908 1925 ealear
930 1860 1038 1924 habet.

232 1973 286 2036 hie
308 1995 380 2036 mea
402 1973 454 2036 cui
475 1973 609 2036 recitem
631 1973 696 2036 nisi
718 1971 812 2036 flauis
835 1972 958 2058 scripta
980 1968 1137 2052 Corallis,

276 2105 419 2170 quasque
440 2082 521 2147 alias
544 2092 658 2167 gentes
681 2081 839 2146 barbarus
863 2080 977 2145 Hister
999 2079 1122 2144 habet?

234 2193 291 2258 sed
314 2193 392 2279 quid
414 2192 501 2256 solus
523 2215 634 2278 agam,
659 2215 786 2279 quaque
808 2191 953 2256 infelicia
971 2190 1107 2278 perdam

169 2312 211 2370 40
275 2306 341 2368 otia
362 2304 499 2367 materia
520 2305 758 2391 surripiamque
780 2301 891 2367 diem?

232 2438 308 2478 nam
331 2415 408 2501 quia
429 2436 489 2478 nee
510 2415 624 2478 uinum
646 2436 706 2478 nee
728 2436 780 2478 me
802 2422 891 2476 tenet
913 2411 984 2476 alea
1005 2409 1125 2492 fallax,

276 2549 334 2613 per
356 2546 438 2611 quae
461 2523 544 2588 elam
565 2524 701 2589 tacitum
723 2535 850 2612 tempus
873 2523 964 2588 abire
987 2520 1085 2606 solet,

232 2658 293 2699 nee
314 2657 366 2698 me
381 2673 421 2681 —
437 2635 521 2722 quod
547 2654 712 2721 euperem’,
737 2636 765 2698 si
787 2656 846 2720 per
867 2633 937 2696 fera
958 2632 1044 2696 bella
1065 2631 1179 2697 liceret
1201 2671 1242 2679 —

276 2745 417 2809 oblectat
438 2744 528 2810 eultu
549 2754 636 2809 terra
658 2754 778 2809 nouata
799 2766 872 2826 suu,

169 2863 210 2920 45
233 2857 328 2942 quid,
351 2857 416 2919 nisi
438 2855 602 2939 Pierides,
626 2854 747 2920 solacia
769 2852 907 2939 frigida,
930 2860 1071 2935 restant,

275 2989 340 3031 non
362 2966 445 3030 bene
468 2968 509 3029 de
530 2966 625 3030 nobis
649 2987 731 3052 quae
753 2985 898 3028 meruere
921 2962 1023 3026 deae?

232 3086 267 3141 at
288 3085 324 3140 tu
330 3126 339 3159 ‚
363 3078 416 3140 eui
438 3076 563 3140 bibitur
585 3076 713 3140 felicius
736 3075 862 3156 Aonius
884 3072 973 3155 fons,

215 3256 218 3260 ,
276 3186 402 3251 utiliter
424 3186 569 3251 studium
592 3185 679 3272 quod
702 3185 765 3248 tibi
787 3183 874 3248 eedit
895 3204 984 3265 ama,

1284 2253 1296 2280 Ι

217 3365 251 3412 24
269 3361 417 3426 adigitisa
440 3357 452 3426 [l
474 3359 593 3410 nullaG
656 3360 690 3409 25
708 3359 793 3407 mittit
810 3358 832 3406 F
850 3372 921 3407 corr.
976 3356 1009 3405 26
1027 3355 1106 3415 uobis
1170 3357 1203 3407 27
1222 3356 1250 3405 in
1267 3354 1286 3404 l’

150 3431 185 3480 ad
202 3432 227 3481 V
277 3432 310 3480 28
328 3429 498 3493 imposuittp
562 3430 594 3477 29
613 3443 647 3476 ne
667 3426 776 3490 quidem
794 3425 818 3474 V
880 3427 913 3474 29
931 3423 1060 3474 uoluntas
1077 3421 1226 3489 neuneu
1244 3439 1288 3473 uo·

149 3498 281 3563 luptasF
333 3499 366 3547 30
384 3497 498 3560 iungere
516 3496 559 3545 Da
576 3495 697 3545 seribere
714 3502 738 3559 ψ
755 3498 906 3556 ιιθτῐετθψ
963 3493 994 3541 31
1013 3489 1119 3540 ideoG
1176 3494 1209 3542 32
1227 3506 1288 3557 pars

150 3565 171 3614 O
194 3563 208 3631 H
229 3564 279 3614 illa
297 3563 375 3628 cru
387 3567 415 3613 et
432 3563 484 3612 illa
501 3563 525 3612 V
543 3564 599 3612 ista
616 3561 640 3612 l’
659 3562 710 3613 illa
728 3562 752 3612 N
769 3563 832 3626 ipsa
851 3575 864 3610 ε
917 3562 949 3610 33
968 3572 1077 3624 gressus
1096 3557 1168 3624 cao
1187 3560 1224 3612 H.
1244 3575 1288 3624 ge-

434 3653 511 3683 UOISUS

149 3703 207 3750 stus
231 3696 397 3764 {IDEFGNP
421 3700 548 3762 gestuss
574 3698 608 3759 ef.
631 3697 719 3747 Valer.
738 3696 814 3746 Max.
841 3693 925 3752 VIII,
946 3697 1002 3753 7,7
1071 3693 1214 3758 341egam
1232 3694 1255 3744 P
1274 3690 1287 3758 ΙΙ

632 3777 652 3815 l’
667 3778 730 3818 obest
743 3776 763 3815 l'
779 3776 855 3816 alesta

149 3836 222 3886 idem
242 3837 285 3884 est
303 3832 326 3882 l'
345 3831 425 3882 obest
441 3831 464 3880 F
483 3830 563 3881 obest
579 3831 642 3881 NrP
679 3832 751 3881 idem
771 3837 813 3881 est
846 3831 874 3888 L,
895 3831 937 3879 est
955 3844 1001 3879 om.
1020 3844 1035 3878 τ
1103 3829 1136 3878 37
1155 3843 1204 3878 eur
1221 3827 1288 3879 reei-

149 3910 205 3954 tem
221 3905 246 3953 D
310 3903 342 3950 41
362 3915 425 3949 nam
444 3898 510 3962 quia
528 3914 579 3948 nee
598 3897 615 3966 β
638 3900 715 3952 Petit.
733 3907 756 3963 ψ
775 3915 838 3948 nam
858 3913 901 3947 mo
918 3911 971 3945 nee
989 3895 1035 3945 CF
1058 3910 1121 3944 nam
1139 3911 1230 3959 neque
1248 3910 1288 3944 me

149 3970 248 4022 ENPs²
267 3973 295 4020 et
312 3984 355 4018 me
373 3983 428 4017 non
447 3968 470 4016 G
489 3981 550 4015 nam
570 3966 640 4031 quod
658 3983 710 4016 neo
727 3967 778 4017 DL
800 3967 922 4030 nonquia
940 3979 991 4014 nee
1010 3961 1033 4013 ιε1
1058 3977 1112 4012 non
1134 3978 1178 4012 me
1196 3962 1289 4012 neeV

149 4055 201 4090 nee
219 4039 286 4104 quia
303 4053 346 4087 me
365 4053 380 4087 τ
399 4035 447 4086 sed
464 4049 553 4098 neque
570 4050 642 4085 mer
659 4050 723 4084 nam
743 4035 809 4099 quia
827 4049 910 4084 nona
954 4033 987 4082 42
1005 4029 1094 4081 fallax
1112 4033 1219 4095 tempus
1231 4032 1257 4082 V

148 4141 182 4189 45
199 4137 376 4204 pieridumG
399 4133 411 4202 ΙΙ
433 4140 579 4203 praestant
596 4137 637 4188 Na
659 4140 790 4200 restatur
856 4136 890 4185 46
907 4110 986 4185 {iobis
1003 4133 1043 4183 Fr
1060 4131 1139 4182 uobis
1163 4130 1189 4182 εἳ
1257 4133 1288 4182 47

149 4206 267 4322 pppptsup:
271 4206 384 4256 felicius
404 4206 526 4256 amnisa
577 4207 611 4256 48
628 4205 725 4256 utilius
742 4211 766 4270 ψ
789 4200 801 4270 ΙΙ
824 4203 898 4268 quod
916 4205 984 4254 bene
1002 4200 1025 4250 F
1049 4196 1061 4267 ΙΙ
1078 4199 1209 4266 'cedato
1232 4196 1246 4266 ΙΙ
1267 4199 1288 4249 l‘

236 4411 275 4468 33
299 4428 410 4485 gressus
434 4412 496 4468 HM
559 4413 599 4470 45
621 4421 705 4468 restat
728 4413 760 4469 Η
