2902 4928
557 1426 901 1508 Panaenum

313 1595 362 1643 nn
382 1593 577 1644 conminus
597 1595 787 1644 ninimirum
807 1596 926 1646 eumn
944 1597 994 1646 nx
1013 1599 1144 1650 roure.

242 1914 482 2002 Epistularum,
513 1937 592 2000 qiias
617 1913 755 1978 Ouidius
778 1913 855 1977 inde
877 1914 919 1978 ab
941 1938 1025 1979 anne
1048 1917 1137 1980 urbis
1162 1919 1223 1982 765
1246 1941 1301 1981 ex·

154 2028 284 2111 eunte¹)
308 2026 454 2111 scripsit,
478 2046 636 2109 quaenam
659 2024 758 2088 fuerit
780 2024 925 2107 fortuna,
950 2048 990 2088 ex
1007 2028 1120 2112 paucis
1141 2025 1206 2091 illis
1222 2026 1301 2090 lucis

154 2137 305 2201 conicere
320 2134 396 2198 lieet
412 2135 530 2220 quibus
546 2144 642 2221 poeta
657 2136 727 2220 ipse
742 2134 843 2198 lectus
860 2157 931 2198 esse
954 2138 1052 2199 etiam
1069 2136 1173 2199 exulis
1189 2136 1301 2219 libros,

154 2246 215 2309 sed
247 2247 353 2309 minus
386 2243 565 2330 placuisse,
603 2243 842 2329 multorumque
873 2244 1050 2328 inuidiam,
1085 2256 1216 2310 auctore
1245 2247 1300 2309 ab·

154 2366 248 2420 sente
269 2357 333 2418 iarn
355 2356 591 2442 procaciorem,
615 2365 768 2441 expertes
792 2376 863 2418 esse
893 2355 973 2418 dicit
986 2356 1023 2440 ²).
1074 2356 1136 2419 Cui
1158 2356 1302 2419 inuidiae

154 2468 217 2530 etsi
250 2464 304 2528 ille
336 2466 520 2528 rectissime
551 2467 718 2551 opposuit,
752 2464 799 2527 nil
825 2465 889 2527 nisi
918 2487 1000 2550 quae
1027 2466 1129 2550 ipsius
1158 2468 1301 2528 animum

153 2576 316 2658 afficiant,
340 2597 521 2661 conponere
550 2584 679 2661 poetam
708 2597 819 2661 pesse,
847 2584 955 2636 tamen
985 2598 1021 2638 ee
1052 2585 1193 2658 mortue,
1229 2599 1300 2639 cum

155 2689 219 2750 iam
243 2687 321 2772 quid
349 2685 444 2750 hemo
472 2685 549 2765 (lum
576 2685 699 2748 Romae
726 2685 789 2748 fuit
818 2683 1091 2749 celebratissimus
1119 2687 1206 2772 apud
1236 2686 1301 2750 Ge·
1341 2709 1344 2714 ·

154 2808 205 2862 tas
227 2805 340 2880 ageret
362 2797 467 2858 minus
492 2817 586 2858 curae
609 2805 712 2877 esset,
740 2817 846 2880 neque
868 2796 1041 2858 interesset
1070 2818 1151 2880 quae
1180 2795 1300 2880 qualia-

155 2930 218 2994 que
239 2929 337 2970 ausus
361 2915 447 2968 esset
468 2915 504 2969 ut
526 2907 560 2967 in
581 2906 720 2991 patriam
735 2905 857 2968 rediret
871 2916 1018 2992 repetere
1025 2956 1034 2988 ,
1060 2908 1202 2968 carmina
1216 2906 1300 2969 Pon·
1369 2951 1373 2955 ·

154 3018 221 3080 tica
241 3018 275 3079 in
296 3034 414 3100 magna
436 3015 575 3078 iacuisse
597 3015 752 3079 uidentur
774 3015 948 3080 obliuione.
994 3017 1091 3080 Certe
1113 3015 1201 3100 apud
1223 3017 1300 3078 scri-

154 3138 266 3214 ptores
290 3148 399 3190 eorum
423 3148 504 3210 quae
527 3127 673 3189 insecuta
696 3137 771 3189 sunt
794 3125 997 3188 saeculorum
1018 3124 1106 3187 nulla
1122 3135 1171 3186 cst
1187 3124 1301 3187 horum

155 3238 335 3300 carminum
357 3237 523 3300 memoria.
555 3235 704 3314 Quorum
727 3244 818 3298 sexto
842 3234 973 3296 demum
995 3234 1048 3297 uel
1071 3235 1208 3318 septime
1231 3255 1299 3295 sae-

155 3346 385 3432 cumprimum
402 3355 492 3408 extat
508 3347 685 3429 uestigium
701 3361 940 3406 rimeuuu'rvu
958 3361 1299 3424 evnnrncnr'muvu

155 3457 243 3543 quod
265 3456 302 3520 O.
325 3455 391 3519 Ph.
416 3455 503 3519 Chr.
529 3455 846 3520 Schoenemanni
875 3453 1026 3517 felicitati
1054 3453 1220 3516 debemus.
1266 3453 1300 3516 ls

156 3567 273 3650 enim³)
290 3565 384 3628 “hec
406 3565 624 3648 fragmentum
647 3566 785 3646 codicis,
814 3567 958 3629 emnium
986 3566 1041 3650 qui
1065 3564 1299 3647 Ouidiancrum

155 3678 335 3740 carminum
358 3685 532 3761 supersunt
561 3677 782 3760 antiquissimi
803 3677 837 3738 in
859 3685 1047 3759 tegumento
1070 3676 1223 3738 interiere
1245 3698 1299 3737 ue-

158 3788 238 3850 teris
261 3774 431 3850 meralium
454 3786 526 3848 Nic.
546 3785 586 3848 de
601 3785 690 3872 Lyra
707 3785 858 3849 editionis
875 3787 909 3847 in
924 3785 1123 3849 bibliotheca
1138 3785 1299 3867 Augusta'

225 4011 249 4074 1)
270 4012 305 4060 cf.
325 4010 446 4061 Massen.
466 4009 687 4073 ap.Burm.1V‚
708 4011 764 4058 102.

224 4097 251 4157 2)
270 4096 307 4147 ef.
327 4112 350 4144 e.
371 4112 410 4159 gr.
432 4111 466 4144 er
484 4096 515 4146 l‘.
535 4096 586 4156 ΙΙΙ,
606 4097 630 4154 9,
653 4097 666 4142 1
686 4111 724 4157 sq.

224 4182 250 4240 3)
271 4180 308 4231 cf.
326 4179 399 4231 Bibl.
414 4180 556 4243 Augustae
575 4180 633 4228 sive
653 4180 777 4228 nctitiar.
792 4182 1024 4241 etexcerpterum
1039 4178 1162 4226 codicum
1176 4176 1300 4226 Wolt'en·

153 4264 255 4315 buttel.
274 4265 414 4329 specimen
426 4265 537 4313 exhibet
549 4263 579 4312 C.
589 4262 709 4312 PluChr.
719 4262 937 4312 Schoenemann.
952 4262 1118 4310 Helmstadii
1131 4263 1195 4310 1829
1204 4262 1298 4323 Progr.

156 4367 183 4415 p.
202 4352 233 4400 ‘30
253 4365 293 4414 sq.
