2902 4928
164 346 187 392 X
637 347 846 395 PRAEFATIO.

164 498 251 581 buit,
276 498 514 584 diphthongum
536 498 623 562 haud
646 502 692 563 ita
713 522 786 565 raro
808 502 958 587 pingeret
975 500 1032 584 (cf.
1049 522 1075 562 e.
1092 524 1141 585 gr.
1158 501 1204 581 lI,
1221 502 1305 582 &1ss

67 692 74 699 .
160 631 287 688 praeces
314 609 366 691 ΙΙ,
390 611 421 691 7,
443 609 486 673 45
517 616 614 673 seriae
643 613 778 695 cecata);
822 610 957 674 eandem
989 613 1024 674 in
1053 610 1305 696 Guelferbytani

163 719 285 784 codicis
308 719 443 783 librario
459 718 732 806 deprehendimus
749 721 806 806 (cf.
823 721 883 801 IV,
899 721 929 803 9,
947 722 1033 804 130).
1063 721 1202 784 Accedit
1218 721 1305 806 qnod

162 853 265 916 aeque
292 840 328 893 ut
355 829 615 914 Hamburgensis
650 829 734 895 liber
767 832 794 894 is
823 832 928 896 codex
961 833 1052 895 cuius
1086 831 1305 914 fragmentum

164 939 333 1005 Guelferb.
367 950 530 1026 superest,
570 940 709 1026 singulis
747 941 943 1027 quibusdam
979 941 1128 1006 uersibus
1162 942 1305 1003 caruisse

162 1051 305 1114 uidetur.
349 1050 435 1113 Nam
457 1072 530 1114 cum
552 1052 638 1114 inter
659 1073 789 1115 uersum
813 1051 872 1133 IV,
892 1053 1002 1133 9,108
1025 1074 1088 1137 quo
1111 1052 1199 1137 prior
1221 1051 1304 1136 prio-

162 1162 207 1223 ris
230 1159 302 1224 folii
324 1161 445 1247 pagina
466 1160 578 1224 finitur
599 1182 796 1248 versumque
818 1150 878 1244 Ν,
904 1163 959 1244 12,
981 1163 1039 1243 44,
1068 1164 1103 1225 in
1131 1164 1226 1247 quem
1248 1184 1304 1246 po·

106 1309 107 1313 =
162 1271 280 1335 sterion
301 1269 435 1334 alterius
464 1270 536 1335 folii
562 1274 683 1358 pagina
711 1273 795 1353 exit,
833 1294 946 1336 uersus
975 1277 1113 1342 ffrrvr
1140 1272 1304 1352 intersint,

164 1404 244 1467 quos
268 1382 374 1467 spatio
397 1391 522 1467 septem
544 1385 743 1469 paginarum
761 1384 899 1469 scriptos
922 1383 1022 1447 fuisse
1043 1381 1222 1446 uerisimile
1245 1392 1304 1462 est,

164 1492 306 1555 coratio
333 1491 419 1554 redit
448 1502 483 1555 ut
506 1494 540 1555 in
562 1492 701 1576 singulis
724 1495 853 1579 paginis
875 1500 952 1563 Zffi
973 1517 1088 1557 uersus
1117 1477 1233 1578 scripti
1255 1493 1304 1554 ui-

163 1600 317 1684 deantur,
340 1623 404 1665 uno
428 1601 632 1665 uersu'male
655 1605 786 1667 omisso.
825 1602 900 1682 Qua
922 1605 956 1666 in
978 1604 1226 1668 ratiocinatione
1248 1624 1305 1664 cur

163 1711 330 1776 titulorum
363 1733 428 1775 non
460 1711 669 1776 habuerimus
702 1714 862 1778 rationem
894 1724 926 1778 et
958 1697 1030 1800 ipsa
1062 1736 1097 1776 re
1130 1712 1304 1793 indicatur,

163 1823 314 1908 quoniam
337 1844 505 1886 numerum
528 1823 633 1887 tribus
657 1825 807 1887 uersibus
829 1826 985 1888 maiorem
1007 1847 1080 1888 cum
1103 1833 1304 1910 septem-pa-

162 1935 312 2016 ginarum
334 1955 467 1996 numero
491 1955 671 2018 conponere
693 1956 759 1996 non
781 1932 875 2014 licet,
905 1945 937 1997 01
959 1935 1016 1998 ubi
1039 1935 1080 1996 de
1101 1933 1205 1997 titulis
1229 1955 1303 2018 age-

163 2066 233 2105 mus
256 2044 360 2127 magis
383 2042 565 2128 adparebit.

247 2153 317 2215 Iam
339 2151 381 2215 ad
404 2153 563 2216 rationem
586 2154 732 2216 criticam
755 2177 836 2240 quae
859 2156 901 2218 sit
917 2155 1092 2238 fragmenti
1108 2153 1304 2239 Guelferby-

162 2265 231 2329 taui
255 2265 304 2327 uis
329 2273 360 2326 et
383 2265 558 2333 auctoritas
587 2286 690 2350 pauca
718 2264 921 2328 adnotemus.
967 2264 1073 2347 Quam
1098 2274 1230 2350 propter
1251 2288 1304 2326 an-

160 2361 348 2460 tiquitatem
371 2372 447 2437 libri
469 2396 680 2460 permagnam
703 2397 774 2438 esse
797 2375 915 2439 debere
930 2375 1138 2438 manifestum
1161 2384 1226 2438 est:
1250 2398 1304 2436 an·
1365 2459 1367 2463 ι

162 2486 309 2570 tiquitati
342 2495 498 2569 quantum
526 2494 637 2548 textus
666 2508 762 2570 quem
792 2485 906 2549 dicunt
935 2484 1083 2549 condicio
1110 2486 1306 2570 respondeat

162 2592 358 2658 uidebimus.
402 2595 575 2658 Lectiones
604 2605 712 2657 autem
740 2596 922 2679 singulares
950 2617 1011 2658 nec
1038 2594 1188 2658 alicunde
1210 2606 1306 2658 notae

163 2706 223 2768 hae
239 2714 329 2768 sunt:
368 2704 426 2787 IV,
444 2707 474 2786 9,
493 2706 627 2768 1031100
649 2713 681 2768 si
687 2717 697 2768 1
740 2715 772 2768 ct
787 2706 846 2788 IV,
864 2707 892 2787 9,
912 2707 971 2769 108
991 2711 1211 2791 [0101110100
1234 2708 1304 2791 qui·

163 2815 247 2896 dem,
270 2815 327 2878 sed
349 2825 425 2878 ante
444 2817 484 2879 R.
500 2815 699 2880 Merkelium
720 2840 785 2880 non
806 2819 948 2880 insertae
969 2818 1091 2880 textui:
1115 2816 1175 2898 IV,
1201 2817 1306 2896 1.),18

163 2947 248 2990 enzer
290 2927 348 3005 Ν,
375 2927 430 3006 12,
453 2927 495 2990 43
517 2934 647 3004 pitueris.
714 2926 860 3006 Quarum
889 2927 1062 2990 lectionum
1091 2949 1177 3007 eam,
1210 2949 1306 3012 quam

162 3039 300 3125 primam
322 3028 505 3123 posuimus,
529 3038 557 3099 si
580 3039 661 3100 artis
685 3038 816 3100 criticae
837 3035 966 3121 regulas
983 3037 1164 3122 sequimur,
1189 3038 1305 3122 quibus

164 3147 350 3212 difficiliora
378 3169 525 3234 quaeque
552 3147 681 3211 ueriora
709 3147 826 3211 ducere
854 3148 1017 3228 iubemur,
1047 3149 1195 3210 ueritatis
1220 3171 1305 3210 sum-

163 3283 249 3323 mam
276 3260 416 3346 speciem
448 3257 604 3344 praebere
634 3283 699 3324 non
727 3268 777 3322 est
805 3257 891 3345 quod
920 3280 1089 3344 exponam.
1139 3258 1236 3321 Unde
1265 3258 1305 3320 11.

163 3369 343 3434 Merkelius
372 3378 552 3432 ceterorum
581 3371 724 3432 omnium
753 3371 809 3454 qui
831 3371 1039 3433 innotuerunt
1061 3368 1209 3431 codicum
1232 3391 1306 3456 con-

164 3503 261 3545 sensu
282 3477 429 3563 neglecto
453 3501 523 3541 eam
550 3480 710 3559 restituit,
740 3475 805 3543 non
832 3481 939 3542 minus
968 3481 1080 3565 opinor
1108 3476 1305 3564 Guelferby-

163 3591 233 3655 tani
261 3588 338 3652 libri
365 3597 528 3652 uetustate
556 3588 733 3671 adductus,
764 3611 860 3674 quam
884 3589 971 3674 quod
994 3590 1195 3669 coniunctiui
1217 3589 1306 3652 modi

163 3701 283 3764 formas
307 3700 340 3761 in
363 3697 455 3763 libris
478 3699 712 3762 recentioribus
736 3699 924 3762 indicatiuis
952 3708 1092 3763 mutatas
1117 3700 1306 3784 saepissime

164 3808 449 3874 animaduerterat.
494 3807 609 3872 Altera
641 3808 737 3872 lectio
771 3831 854 3896 quae
886 3808 929 3871 ad
956 3809 1015 3892 Ν,
1040 3811 1069 3892 9,
1103 3810 1162 3872 108
1195 3818 1307 3872 notata

165 3931 213 3985 est
236 3942 332 3984 sensu
355 3940 467 3982 carens
490 3921 643 3984 uitiorum
676 3918 861 4004 uulgarium
883 3918 1040 4005 farragini
1069 3929 1117 3982 est
1144 3918 1304 3981 addenda.

165 4031 233 4094 Eae
254 4040 363 4095 autem
386 4051 468 4114 quae
490 4040 614 4093 restant
637 4040 669 4092 01
690 4030 849 4093 iudicium
873 4030 914 4094 de
936 4027 1170 4093 recentioribus
1187 4027 1305 4092 codici-

164 4141 225 4204 bus
254 4141 386 4203 firmant
413 4150 445 4203 et
473 4163 580 4225 quam.
596 4151 717 4205 temere
745 4141 818 4204 Nic.
842 4141 999 4204 Heinsius
1027 4141 1061 4202 in
1089 4148 1183 4203 textu
1211 4140 1305 4202 resti-

164 4248 285 4316 tuendo
315 4260 463 4313 uersatus
498 4253 540 4314 sit
568 4250 751 4315 ostendunt.
796 4251 829 4315 10
860 4252 945 4314 enim
968 4249 1026 4328 IV,
1052 4246 1105 4329 19,
1128 4249 1185 4329 43,
1220 4247 1305 4334 quod

166 4361 355 4446 saepissime
378 4359 471 4443 fecit,
496 4383 553 4424 suo
577 4361 737 4424 arbitratu
759 4384 817 4447 pro
841 4383 877 4423 00
901 4359 1028 4444 quoda
1051 4359 1218 4424 codicibus
1242 4369 1305 4421 tra·
