2916 4926
633 351 844 402 PRAEFATIO.
1222 356 1312 403 XXIX

169 505 221 590 Π,
245 507 281 588 8,
304 505 356 571 36.
381 505 437 588 763
460 505 513 589 ΙΙ,
537 507 573 588 9,
596 507 625 570 5.
649 507 701 571 37.
724 507 782 590 593
812 505 864 587 ΙΙ,
891 507 945 589 10,
968 507 999 569 4.
1028 506 1100 594 31],
1131 508 1165 570 in
1194 509 1311 572 ceteris

163 616 325 680 librorum
353 615 624 702 interpolatorum
647 615 772 680 assecla
793 625 853 680 est.

205 750 214 766 ’
251 743 323 806 Iam
338 751 509 828 postquam
521 741 651 807 codices
668 764 804 829 quorum
820 741 1019 808 conlationes
1035 765 1134 829 penes
1150 766 1208 807 nos
1225 754 1310 827 sunt,

158 863 201 918 ut
224 854 389 941 potuimus
412 839 645 940 descripsimus
668 851 933 938 singulorumque
956 875 1038 938 quae
1060 854 1103 918 sit
1123 855 1310 937 auctoritas,

158 965 312 1028 breuiter
333 983 495 1048 exponere
518 964 625 1027 eonati
649 986 775 1046 sumus,
798 972 900 1026 restat
921 972 958 1027 ut
981 985 1063 1048 quae
1083 964 1167 1026 inter
1182 963 1310 1028 codices

154 1075 248 1138 ratio
276 1073 458 1136 intercedat
486 1081 518 1136 et
546 1082 703 1158 quatenus
733 1074 817 1136 inter
843 1094 878 1136 se
899 1071 952 1135 uel
974 1073 1150 1160 propinqui
1172 1074 1237 1137 sint
1259 1072 1311 1138 uel

158 1185 314 1272 dispares
336 1182 540 1268 indagemus.
580 1183 682 1247 Cuius
712 1183 911 1269 quaestionis
939 1205 1096 1247 summam
1126 1205 1224 1271 supra
1246 1184 1311 1246 iam

157 1293 344 1358 indicatam
371 1301 408 1357 ut
434 1293 546 1379 paucis
575 1292 902 1380 comprehendamus,
932 1292 1091 1359 duofere
1114 1303 1189 1358 sunt
1211 1292 1310 1358 libro-

158 1409 237 1468 rum
270 1403 418 1484 ordines,
460 1425 595 1490 quorum
628 1402 711 1467 alter
743 1404 798 1489 qui
836 1403 1020 1488 fragmento
1052 1402 1311 1490 Guelferbytano

159 1513 324 1601 librisque
356 1512 602 1598 Hamburgensi
637 1523 669 1577 et
697 1514 857 1578 Bauarico
892 1512 1033 1578 efficitur
1061 1515 1095 1576 in
1122 1515 1311 1578 uniuersum

159 1627 327 1710 integram
349 1624 493 1688 seruauit
514 1633 629 1710 poetae
644 1625 838 1706 orationem,
861 1621 944 1686 alter
965 1625 1021 1708 qui
1042 1621 1135 1687 libris
1158 1622 1311 1687 BODEF

161 1734 351 1800 GLNOPR
371 1734 688 1820 Heinsianorumque
708 1732 864 1797 librorum
891 1731 1041 1797 conluuie
1063 1742 1189 1797 constat
1210 1733 1309 1795 inter-

161 1845 348 1932 polatorum
370 1865 502 1930 operam
525 1854 677 1932 expertus
700 1853 759 1908 est.
797 1843 1059 1907 Fundamentum
1074 1853 1181 1907 autem
1197 1843 1232 1905 in
1247 1865 1310 1928 quo

162 1953 413 2042 interpolatores
435 1956 633 2036 niterentur,
658 1956 686 2019 si
707 1953 786 2040 quid
807 1953 921 2036 uideo,
944 1975 1009 2017 non
1032 1953 1122 2018 aliud
1136 1953 1198 2016 suit
1214 1974 1311 2038 quam

165 2065 250 2129 liber
267 2065 512 2150 Hamburgensi
534 2064 729 2130 simillimus.
768 2063 866 2144 Quod
888 2073 925 2128 ut
946 2087 1005 2150 pro
1028 2073 1115 2127 certo
1138 2062 1309 2141 affirmem,

165 2175 246 2240 facit
274 2185 462 2240 cunctorum
490 2174 647 2240 librorum
675 2175 721 2238 eis
749 2176 784 2238 in
811 2173 891 2238 locis
920 2173 1038 2260 quibus
1066 2175 1097 2237 A
1128 2172 1310 2261 corruptela

165 2285 274 2372 aliqua
295 2284 423 2351 laborat
445 2307 621 2350 consensus
645 2283 822 2376 eiusmodi,
846 2293 883 2349 ut
904 2285 946 2350 ab
969 2285 1016 2349 eis
1039 2284 1172 2371 quaein
1186 2285 1218 2346 A
1234 2293 1310 2347 sunt

168 2395 349 2462 emendatio
376 2396 532 2482 profecta,
549 2417 620 2460 esse
647 2394 809 2459 uideatur.
854 2394 1061 2458 Emendandi
1083 2402 1192 2458 autern
1215 2416 1309 2458 cona·

168 2515 217 2570 tus
248 2508 304 2593 qui
331 2507 411 2571 facti
436 2515 511 2570 sunt
533 2506 575 2569 ad
597 2528 697 2570 unum
719 2503 788 2569 fere
810 2504 973 2569 hominem
995 2503 1181 2568 referendos
1205 2503 1308 2568 credi·

169 2615 279 2680 derim.
336 2617 460 2680 Tantus
498 2617 610 2700 enim,
639 2617 685 2680 eis
719 2614 865 2703 exeeptis
899 2637 981 2700 quae
1013 2615 1314 2684 recentissimorum

169 2707 324 2791 librorum
346 2725 525 2814 peculiaria
546 2736 637 2809 sunt,
661 2727 804 2790 omnium
825 2726 895 2789 fere
918 2725 1153 2812 exemplarium
1175 2747 1308 2790 consen-

170 2858 219 2900 sus
248 2846 299 2901 est
326 2845 466 2924 quantus
494 2836 590 2901 aliter
617 2836 688 2900 fieri
715 2837 774 2900 uix
801 2836 917 2923 potuit.
968 2837 1071 2922 Atqui
1098 2836 1187 2922 ipsa,
1216 2845 1308 2923 quot-

170 2957 243 3031 quot
271 2948 474 3035 discrepant,
503 2948 550 3011 ita
578 2956 654 3012 sunt
683 2957 856 3035 conparata
882 2955 919 3011 ut
947 2945 1188 3033 interpolatoris
1211 2947 1309 3033 primi
1369 2949 1374 2959 “
1412 2976 1416 2978 ·

171 3059 378 3147 cogitationes
406 3067 571 3122 mutentur
598 3057 746 3145 quidem,
775 3081 840 3123 non
867 3055 1031 3122 tollantur.
1075 3057 1197 3122 Eorum
1227 3079 1309 3144 quae

172 3165 237 3258 dixi
271 3167 466 3233 documenta
497 3179 534 3232 ut
568 3178 676 3234 essent
709 3191 763 3233 eos
792 3163 930 3252 seligere
957 3165 1081 3253 placuit
1110 3167 1214 3248 locos,
1252 3168 1308 3253 qui

170 3277 235 3363 ipsa
264 3279 484 3366 discrepantia
511 3279 626 3344 eodem
653 3301 781 3344 omnem
809 3276 1020 3341 fundamento
1050 3277 1112 3340 niti
1134 3275 1307 3362 interpola-

168 3388 286 3453 tionem
308 3378 532 3455 ostenderent:

248 3534 330 3618 Ι,2,
348 3535 407 3599 101
431 3534 492 3598 sub
516 3557 553 3599 eo
576 3534 631 3598 sic
645 3535 688 3598 sit
710 3529 841 3621 publice
864 3542 1024 3598 saroterra
1046 3530 1078 3595 A

431 3645 491 3709 sub
514 3667 551 3709 eo
576 3643 625 3732 [eo
648 3652 697 3708 est
724 3643 821 3708 DEG
844 3645 891 3709 eis
913 3643 952 3732 P]
977 3644 1024 3708 sic
1047 3644 1090 3707 sit
1113 3640 1174 3707 sub
1198 3665 1308 3707 cesare

518 3765 606 3820 terra
627 3753 865 3838 pCDEFGNP

186 3890 192 3896 ·
302 3899 304 3903 <
370 3945 374 3948 θ
430 3865 491 3929 sub
514 3887 551 3930 eo
575 3867 618 3930 sit
640 3855 772 3952 publica
795 3866 922 3930 sarcina
947 3867 1082 3930 terreL

431 3976 491 4040 sub
515 3998 552 4040 eo
575 3977 619 4041 sit
641 3975 773 4063 publica
796 3978 923 4041 sarcina
944 3998 1052 4039 rerum
1076 3973 1172 4060 eEpr.
1197 3973 1281 4065 u.l.·

432 4195 602 4213 ......
626 4146 754 4237 sarcina
769 4080 1030 4233 publiealtldiilgl*
1039 4151 1070 4208 io
1082 4164 1180 4223 moro.
1186 4168 1235 4225 pr.
1246 4154 1305 4211 al.

249 4257 407 4341 1,2‚127
430 4257 532 4322 multa
554 4267 642 4322 metu
665 4278 769 4344 poena
791 4256 847 4341 qui
868 4276 972 4342 pauca
994 4265 1121 4319 coercet
1143 4255 1174 4319 A

429 4368 531 4433 multa
552 4378 640 4432 metu
662 4389 745 4454 pene
767 4387 852 4453 pena
873 4367 929 4452 qui
951 4388 982 4451 p.
1007 4388 1034 4431 c.
1058 4365 1118 4431 FN
